
@book{MarciszewskiStacewicz2011,
	title = {Umysł-komputer-świat. {O} zagadce umysłu z informatycznego punktu widzenia},
	isbn = {978-83-7837-534-0},
	url = {http://libra.ibuk.pl/book/101353},
	urldate = {2014-03-06},
	publisher = {Akademicka Oficyna Wydawnicza EXIT},
	author = {Marciszewski, Witold and Stacewicz, Paweł},
	year = {2011},
}

@book{Kurzweil2005,
	address = {New York},
	title = {The {Singularity} {Is} {Near}: {When} {Humans} {Transcend} {Biology}},
	isbn = {0-670-03384-7 978-0-670-03384-3},
	shorttitle = {The {Singularity} {Is} {Near}},
	publisher = {Viking},
	author = {Kurzweil, Ray},
	year = {2005},
}

@book{Wolfram2002,
	address = {Champaign, IL},
	title = {A {New} {Kind} of {Science}},
	isbn = {1-57955-008-8},
	url = {http://www.wolframscience.com/nks/},
	urldate = {2023-01-16},
	publisher = {Wolfram Media},
	author = {Wolfram, Stephen},
	year = {2002},
	keywords = {Cellular automata, Computational complexity},
}

@article{Zuse1967,
	title = {Rechnender {Raum}},
	volume = {8},
	url = {https://www.informationphilosopher.com/solutions/ scientists/zuse/Rechnender_Raum.pdf},
	urldate = {2023-01-16},
	journal = {Elektronische Datenverarbeitung},
	author = {Zuse, Konrad},
	year = {1967},
	pages = {336--344},
}

@book{Zuse1969,
	address = {Braunschweig},
	series = {Schriften zur {Datenverarbeitung}},
	title = {Rechnender {Raum}},
	volume = {1},
	publisher = {Vieweg},
	author = {Zuse, Konrad},
	year = {1969},
}

@book{Zuse1970,
	address = {Cambridge, MA},
	title = {Calculating {Space}},
	publisher = {Massachusetts Institute of Technology, Project  MAC},
	author = {Zuse, Konrad},
	year = {1970},
	note = {Translated for Massachusetts Institute of Technology, Proj. MAC, by: Aztec School of Languages, Inc., Research Translation Division (164), Maynard, Massachusetts and McLean, Virginia.},
}

@article{Chaitin2005,
	title = {Meta {Math}! {The} {Quest} for {Omega}},
	url = {http://arxiv.org/abs/math/0404335},
	urldate = {2015-02-11},
	journal = {arXiv:math/0404335},
	author = {Chaitin, G. J.},
	year = {2004},
	note = {arXiv: math/0404335},
	keywords = {68Q30, Mathematics - History and Overview},
	pages = {150},
}

@article{Turing1952a,
	title = {The {Chemical} {Basis} of {Morphogenesis}},
	volume = {237},
	copyright = {Copyright © 1952 The Royal Society},
	issn = {0080-4622},
	url = {http://www.jstor.org/stable/92463},
	number = {641},
	urldate = {2015-11-04},
	journal = {Philosophical Transactions of the Royal Society of London. Series B, Biological Sciences},
	author = {Turing, Alan  M.},
	year = {1952},
	pages = {37--72},
}

@book{Newton1687,
	address = {Londini; [London]},
	title = {Philosophiae {Naturalis} {Principia} {Mathematica}},
	url = {https://books.google.pl/books?id=uuRHAQAAMAAJ},
	urldate = {2023-01-14},
	publisher = {J. Societatis Regiae ac Typis J. Streater},
	author = {Newton, Isaac},
	year = {1687},
}

@book{Kuhn1968,
	address = {Warszawa},
	title = {Struktura rewolucji naukowych},
	publisher = {Państwowe Wydawnictwo Naukowe},
	author = {Kuhn, Thomas S.},
	editor = {Amsterdamski, Stefan},
	translator = {Ostromęcka, Helena},
	year = {1968},
	keywords = {filozofia, historia, metodologia, Nauka, Paradygmat (filozofia), Postęp naukowy i techniczny},
}

@book{Kuhn1962,
	address = {Chicago},
	title = {The {Structure} of {Scientific} {Revolutions}},
	publisher = {University of Chicago Press},
	author = {Kuhn, Thomas S},
	year = {1962},
}

@article{Turing1950,
	title = {Computing {Machinery} and {Intelligence}},
	volume = {59},
	issn = {0026-4423, 1460-2113},
	url = {http://mind.oxfordjournals.org/cgi/doi/10.1093/mind/LIX.236.433},
	doi = {10.1093/mind/LIX.236.433},
	number = {236},
	urldate = {2016-07-13},
	journal = {Mind},
	author = {Turing, Alan M.},
	year = {1950},
	pages = {433--460},
}

@article{Turing1936,
	title = {On {Computable} {Numbers}, with an {Application} to the {Entscheidungsproblem}},
	volume = {42 (series 2)},
	issn = {00246115},
	url = {http://doi.wiley.com/10.1112/plms/s2-42.1.230},
	doi = {10.1112/plms/s2-42.1.230},
	number = {1},
	urldate = {2018-11-14},
	journal = {Proceedings of the London Mathematical Society},
	author = {Turing, A. M.},
	year = {1937},
	pages = {230--265},
}

@book{vonNeumann2012,
	address = {New Haven, CT; London},
	edition = {3},
	title = {The {Computer} \& the {Brain}},
	isbn = {978-0-300-18111-1 978-0-300-18808-0},
	publisher = {Yale University Press},
	author = {von Neumann, John},
	collaborator = {Kurzweil, Ray},
	year = {2012},
}

@book{Bostrom2014,
	address = {Oxford},
	edition = {1},
	title = {Superintelligence: {Paths}, {Dangers}, {Strategies}},
	isbn = {978-0-19-967811-2},
	shorttitle = {Superintelligence},
	publisher = {Oxford University Press},
	author = {Bostrom, Nick},
	year = {2014},
	keywords = {Artificial intelligence, Cognitive science, Philosophy},
}

@incollection{Chaitin2007a,
	address = {Newcastle, UK},
	title = {Epistemology as {Information} {Theory}: {From} {Leibniz} to {$\Omega$}},
	isbn = {978-1-4438-0040-2},
	booktitle = {Computation, {Information}, {Cognition} – {The} {Nexus} and {The} {Liminal}},
	publisher = {Cambridge Scholars Pub.},
	author = {Chaitin, Greg},
	editor = {Dodig Crnkovic, Gordana},
	year = {2007},
	pages = {2--17},
}

@article{Ares2018,
	title = {Who {Discovered} the {Binary} {System} and {Arithmetic}? {Did} {Leibniz} {Plagiarize} {Caramuel}?},
	volume = {24},
	issn = {1353-3452, 1471-5546},
	shorttitle = {Who {Discovered} the {Binary} {System} and {Arithmetic}?},
	url = {https://doi.org/10.1007/s11948-017-9890-6},
	doi = {10.1007/s11948-017-9890-6},
	number = {1},
	urldate = {2023-01-13},
	journal = {Science and Engineering Ethics},
	author = {Ares, J. and Lara, J. and Lizcano, D. and Martínez, M. A.},
	year = {2018},
	keywords = {Binary system, Caramuel, Leibniz, Plagiarism},
	pages = {173--188},
}

@book{Aristotle1999,
	address = {Kitchener, Ontario},
	title = {Nicomachean {Ethics}},
	url = {https://socialsciences.mcmaster.ca/econ/ugcm/3ll3/aristotle/Ethics.pdf},
	urldate = {2023-01-13},
	publisher = {Batoche Books},
	author = {Aristotle},
	translator = {Ross, W. D},
	year = {1999},
}

@book{Babbage1864,
	address = {London},
	title = {Passages from the {Life} of a {Philosopher}},
	url = {http://djm.cc/library/Passages_Life_of_a_Philosopher_Babbage_edited.pdf},
	urldate = {2023-01-13},
	publisher = {Longman, Green, Longman, Roberts, \& Green},
	author = {Babbage, Charles},
	year = {1864},
}

@misc{Babbage2008,
	title = {Passages from the {Life} of a {Philosopher}, {Ch}. {VIII}},
	url = {https://www.fourmilab.ch/babbage/lpae.html},
	urldate = {2023-01-13},
	author = {Babbage, Charles},
	year = {2008},
}

@book{Bachelard2002pl,
	address = {Gdańsk},
	series = {Minerwa : biblioteka filozofii i historii filozofii},
	title = {Kształtowanie się umysłu naukowego: przyczynek do psychoanalizy wiedzy obiektywnej},
	isbn = {978-83-88560-49-1 978-83-88560-29-3},
	shorttitle = {Kształtowanie się umysłu naukowego},
	publisher = {Słowo/Obraz Terytoria},
	author = {Bachelard, Gaston},
	translator = {Leszczyński, Damian},
	year = {2002},
	keywords = {Epistemologia},
}


@book{Bachelard2002,
	address = {Manchester},
	series = {Philosophy of science},
	title = {The {Formation} of the {Scientific} {Mind}: {A} {Contribution} to a {Psychoanalysis} of {Objective} {Knowledge}},
	isbn = {978-1-903083-20-8 978-1-903083-23-9},
	shorttitle = {The {Formation} of the {Scientific} {Mind}},
	language = {en},
	publisher = {Clinamen Press},
	author = {Bachelard, Gaston},
	translator = {McAllester Jones, Mary},
	year = {2002},
}

@book{Bacon1912,
	address = {Aberdeen},
	title = {Part of the {Opus} {Tertium} of {Roger} {Bacon} including a fragment now printed for the first time},
	volume = {4},
	url = {http://capricorn.bc.edu/siepm/DOCUMENTS/BACON/Bacon_partofopustertium(ed.Little).pdf},
	urldate = {2023-01-13},
	publisher = {Aberdeen University Press},
	author = {Bacon, Roger},
	editor = {Little, A.G.},
	year = {1912},
}

@incollection{Bacon2010a,
	title = {Mathematical {Science}},
	isbn = {978-1-108-01442-7 978-0-511-70966-1},
	url = {https://www.cambridge.org/core/product/identifier/CBO9780511709661A011/type/book_part},
	urldate = {2023-01-13},
	booktitle = {The {Opus} {Majus} of {Roger} {Bacon}},
	publisher = {Cambridge University Press},
	author = {Bacon, Roger},
	editor = {Bridges, John Henry},
	year = {2010},
	doi = {10.1017/CBO9780511709661.006},
	pages = {97--404},
}

@book{bacon_opus_1897,
	address = {Oxford},
	title = {The '{Opus} majus' of {Roger} {Bacon}},
	url = {http://archive.org/details/opusmajusofroger01baco},
	urldate = {2023-01-13},
	publisher = {Clarendon Press},
	author = {Bacon, Roger},
	editor = {Bridges, John Henry},
	collaborator = {{Getty Research Institute}},
	year = {1897},
	keywords = {Bacon, Roger, 1214?-1294},
}

@book{Bochenski1994,
	address = {Kraków},
	title = {Sto zabobonów: krótki filozoficzny słownik zabobonów},
	isbn = {978-83-86238-10-1},
	shorttitle = {Sto zabobonów},
	publisher = {Philed},
	author = {Bocheński, Józef Maria},
	year = {1994},
	keywords = {Filozofia, słowniki, Zabobony},
}

@book{Brewster1855,
	address = {Edinburgh},
	title = {Memoirs of the {Life}, {Writings}, and {Discoveries} of {Sir} {Isaac} {Newton}},
	url = {http://archive.org/details/memoirslifewrit02brewgoog},
	urldate = {2023-01-13},
	publisher = {T. Constable and Co.},
	author = {Brewster, David},
	year = {1855},
	keywords = {Newton, Isaac, Sir, 1642-1727},
}

@incollection{BurksGoldstineNeumann1947,
	address = {Cambridge, MA},
	title = {Preliminary discussion on the logical design of an electronic computing instrument},
	volume = {12},
	isbn = {978-0-262-22030-9},
	url = {http://archive.org/details/papersofjohnvonn00vonn},
	urldate = {2023-01-13},
	booktitle = {Papers of {John} von {Neumann} on {Computing} and {Computer} {Theory}},
	publisher = {MIT Press},
	author = {Burks, A.W. and Goldstine, H.H. and von Neumann, John},
	editor = {Aspray, William and Burks, Arthur Walter},
	year = {1987},
	keywords = {Von Neumann, John, 1903-1957},
	pages = {97--142},
}

@article{Cantor1865,
	title = {Über einen {Codex} des {Klosters} {Salem}},
	volume = {10},
	copyright = {info:eu-repo/semantics/openAccess},
	url = {https://archiv.ub.uni-heidelberg.de/volltextserver/12869/},
	doi = {10.11588/heidok.00012869},
	urldate = {2023-01-13},
	journal = {Zeitschrift für Mathematik und Physik},
	author = {Cantor, Moritz},
	year = {1865},
	pages = {1--16},
}

@book{Lobkowitz1670,
	address = {Campaniae},
	title = {Ioannis {Caramuelis} mathesis biceps: vetus et nova},
	shorttitle = {Ioannis {Caramuelis} mathesis biceps},
	publisher = {in Officina Episcopali},
	author = {Caramuel y Lobkowitz, Juan},
	year = {1670},
	note = {Google-Books-ID: KRtetV1MJnkC},
}

@book{Cherry2017,
	address = {Canterbury},
	title = {The {Reason} of {Reason}: {How} {Reason}, {Logic}, and {Intelligibility} {Together} are {Evidence} for {God}},
	isbn = {978-1-5219-3874-4},
	shorttitle = {The {Reason} of {Reason}},
	publisher = {Telos Publishing},
	author = {Cherry, Scott},
	year = {2017},
}

@incollection{CopelandSprevakShagrir2017,
	address = {Oxford; New York},
	title = {Is the whole universe a computer?},
	isbn = {978-0-19-874782-6 978-0-19-191694-6},
	url = {https://academic.oup.com/book/40646/chapter/348322315},
	booktitle = {The {Turing} {Guide}},
	publisher = {Oxford University Press},
	author = {Copeland, Jack and Shagrir, Oron and Sprevak, Mark},
	editor = {Copeland, Jack and Bowen, Jonathan and Sprevak, Mark and Wilson, Robin},
	year = {2016},
	doi = {10.1093/oso/9780198747826.003.0054},
	pages = {445--462},
}

@book{Couturat1901,
	address = {Paris},
	title = {La logique de {Leibniz} d'après des documents inédits},
	url = {http://archive.org/details/lalogiquedeleib00coutgoog},
	urldate = {2023-01-13},
	publisher = {F. Alcan},
	author = {Couturat, Louis},
	year = {1901},
	keywords = {Leibniz, Gottfried Wilhelm, Freiherr von, 1646-1716},
}

@book{Davis2001,
	address = {New York},
	title = {Engines of {Logic}: {Mathematicians} and the {Origin} of the {Computer}},
	isbn = {978-0-393-32229-3 978-0-393-04785-1},
	shorttitle = {Engines of {Logic}},
	publisher = {Norton},
	author = {Davis, Martin},
	year = {2001},
	keywords = {Computers, Electronic digital computers, History, Logica, Wiskundigen},
}

@book{Morgan1872,
	address = {London},
	title = {A {Budget} of {Paradoxes}},
	url = {http://archive.org/details/budgetofparadoxe00demorich},
	urldate = {2023-01-13},
	publisher = {Longmans, Green, and Co.},
	author = {De Morgan, Augustus},
	year = {1872},
	keywords = {Science},
}

@book{Condorcet1785,
	address = {Paris},
	title = {Essai sur l'application de l'analyse à la probabilité des décisions rendus à la pluralité des voix},
	url = {http://archive.org/details/essaisurlapplica00cond},
	urldate = {2023-01-13},
	publisher = {Imprimerie Royale},
	author = {Condorcet, Jean-Antoine-Nicolas de Caritat},
	year = {1785},
	keywords = {Probabilities},
}

@incollection{Dodig2013,
	address = {Berlin; Heidelberg},
	series = {Studies in {Applied} {Philosophy}, {Epistemology} and {Rational} {Ethics}},
	title = {Alan {Turing}’s {Legacy}: {Info}-computational {Philosophy} of {Nature}},
	isbn = {978-3-642-37225-4},
	shorttitle = {Alan {Turing}’s {Legacy}},
	url = {https://doi.org/10.1007/978-3-642-37225-4_6},
	urldate = {2023-01-13},
	booktitle = {Computing {Nature}: {Turing} {Centenary} {Perspective}},
	publisher = {Springer},
	author = {Dodig-Crnkovic, Gordana},
	editor = {Dodig-Crnkovic, Gordana and Giovagnoli, Raffaela},
	year = {2013},
	doi = {10.1007/978-3-642-37225-4_6},
	keywords = {Alan Turing, Infocomputationalism, Morphological computing, Natural computing},
	pages = {115--123},
}

@article{Donahue1993,
	title = {Kepler's {First} {Thoughts} on {Oval} {Orbits}: {Text}, {Translation}, and {Commentary}},
	volume = {24},
	issn = {0021-8286, 1753-8556},
	shorttitle = {Kepler's {First} {Thoughts} on {Oval} {Orbits}},
	url = {https://ui.adsabs.harvard.edu/abs/1993JHA....24...71D},
	doi = {10.1177/002182869302400103},
	number = {1-2},
	urldate = {2023-01-13},
	journal = {Journal for the History of Astronomy},
	author = {Donahue, W. H.},
	year = {1993},
	note = {ADS Bibcode: 1993JHA....24...71D},
	pages = {71--100},
}

@book{DuboisReymond1872,
	address = {Leipzig},
	edition = {1},
	title = {Über die {Grenzen} des {Naturerkennens}: {Ein} {Vortrag} in der zweiten öffentlichen {Sitzung} der 45. {Versammlung} deutscher {Naturforscher} und Ärzte zu {Leipzig} am 14. {August} 1872},
	publisher = {Veit \& Co.},
	author = {Du Bois-Reymond, Emil Heinrich},
	year = {1872},
}

@book{DuboisReymond1882,
	address = {Leipzig},
	title = {Über die grenzen des {Naturerkennens}: die sieben {Welträthsel} zwei {Vorträge}},
	url = {https://wellcomecollection.org/works/srwgn7yp},
	urldate = {2023-01-13},
	publisher = {Veit},
	author = {Du Bois-Reymond, Emil Heinrich},
	year = {1882},
}

@book{Eddington2014,
	address = {Cambridge},
	title = {The {Nature} of the {Physical} {World}: {Gifford} {Lectures} of 1927: {An} {Annotated} {Edition}},
	isbn = {978-1-4438-6386-5},
	shorttitle = {The {Nature} of the {Physical} {World}},
	publisher = {Cambridge Scholars Publishing},
	author = {Eddington, Arthur Stanley},
	editor = {Callaway, H. G.},
	year = {2014},
}

@book{Fairweather1956,
	address = {Philadelphia},
	title = {A scholastic miscellany: {Anselm} to {Ockham}},
	publisher = {Westminster Press},
	author = {Fairweather, Eugene R.},
	year = {1956},
}

@article{Floridi2002,
	title = {What is the {Philosophy} of {Information}?},
	volume = {33},
	issn = {0026-1068, 1467-9973},
	url = {https://onlinelibrary.wiley.com/doi/10.1111/1467-9973.00221},
	doi = {10.1111/1467-9973.00221},
	number = {1‐2},
	urldate = {2023-01-13},
	journal = {Metaphilosophy},
	author = {Floridi, Luciano},
	year = {2002},
	pages = {123--145},
}

@article{Floridi2008,
	title = {A defence of informational structural realism},
	volume = {161},
	issn = {1573-0964},
	url = {https://doi.org/10.1007/s11229-007-9163-z},
	doi = {10.1007/s11229-007-9163-z},
	number = {2},
	urldate = {2023-01-13},
	journal = {Synthese},
	author = {Floridi, Luciano},
	year = {2008},
	pages = {219--253},
}

@article{Floridi2009,
	title = {The {Information} {Society} and {Its} {Philosophy}: {Introduction} to the {Special} {Issue} on “{The} {Philosophy} of {Information}, {Its} {Nature}, and {Future} {Developments}”},
	volume = {25},
	issn = {0197-2243, 1087-6537},
	shorttitle = {The {Information} {Society} and {Its} {Philosophy}},
	url = {http://www.tandfonline.com/doi/abs/10.1080/01972240902848583},
	doi = {10.1080/01972240902848583},
	number = {3},
	urldate = {2023-01-13},
	journal = {The Information Society},
	author = {Floridi, Luciano},
	year = {2009},
	pages = {153--158},
}

@misc{Galileo1960,
	title = {The {Assayer} ({Il} {Saggiatore})},
	shorttitle = {Assayer},
	url = {https://web.stanford.edu/~jsabol/certainty/readings/Galileo-Assayer.pdf},
	urldate = {2023-01-13},
	author = {{Galileo Galilei}},
	translator = {Drake, Stillman},
	year = {1623},
}

@incollection{German2012,
	address = {Singapore; Hackensack, NJ},
	title = {Afterword to {Konrad} {Zuse}'s {Calculating} {Space}},
	isbn = {978-981-4374-29-3},
	url = {https://www.mathrix.org/zenil/ZuseCalculatingSpace-GermanZenil.pdf},
	urldate = {2023-01-13},
	booktitle = {A {Computable} {Universe}: {Understanding} {Computation} \& {Exploring} {Nature} {As} {Computation} (with a {Foreword} by {Sir} {Roger} {Penrose})},
	publisher = {World Scientific},
	author = {Zenil, Hector},
	editor = {German, Adrian and Zenil, Hector},
	year = {2012},
	keywords = {Computational complexity},
	pages = {787--794},
}

@book{Guthrie1987,
	address = {Grand Rapids, MI},
	title = {The {Pythagorean} {Sourcebook} and {Library}: {An} {Anthology} of {Ancient} {Writings} {Which} {Relate} to {Pythagoras} and {Pythagorean} {Philosophy}},
	isbn = {978-1-60925-394-3},
	shorttitle = {The {Pythagorean} {Sourcebook} and {Library}},
	url = {https://ia801704.us.archive.org/17/items/guthrie-1987-the-pythagorean-sourcebook-and-library/Guthrie%201987%20The%20Pythagorean%20Sourcebook%20and%20Library.pdf},
	urldate = {2023-01-13},
	publisher = {Phanes Press},
	editor = {Guthrie, Kenneth Sylvan and Fideler, David},
	year = {1987},
	keywords = {Electronic books, Philosophie, philosophy, Philosophy, PHILOSOPHY History \& Surveys Ancient \& Classical, Pythagoras and Pythagorean school, Pythagore ( (0570?-0480? av. j.-c.), Pythagoreer, Pythagoriciens, Pythagorisme, Quelle},
}

@book{Hall1956,
	address = {Boston},
	title = {The {Scientific} {Revolution}, 1500-1800: {The} {Formation} of the {Modern} {Scientific} {Attitude}},
	isbn = {978-0-8070-5093-4},
	shorttitle = {The {Scientific} {Revolution}, 1500-1800},
	url = {http://archive.org/details/scientificrevolu00hall},
	urldate = {2023-01-13},
	publisher = {Beacon Press},
	author = {Hall, Alfred Rupert},
	year = {1956},
	keywords = {Science},
}

@book{Heller2013,
	address = {Kraków},
	edition = {1},
	title = {Bóg i nauka: moje dwie drogi do jednego celu},
	isbn = {978-83-7886-018-1},
	shorttitle = {Bóg i nauka},
	publisher = {Copernicus Center Press},
	author = {Heller, Michał},
	translator = {Nicewicz-Staszowska, Ewa},
	collaborator = {Brotti, Giulio},
	year = {2013},
	keywords = {Filozofia chrześcijańska, Heller, Michał (1936- ), Nauka a religia, Religia a nauka, Religia i nauka, Wywiad dziennikarski},
}

@book{Heller2014,
	address = {Kraków},
	title = {Granice nauki},
	isbn = {978-83-7886-049-5},
	publisher = {Copernicus Center Press},
	author = {Heller, Michał},
	year = {2014},
	keywords = {Filozofia i nauka, Filozofia nauki, Nauka filozofia},
}

@incollection{Hilbert1900,
	address = {Göttingen},
	title = {Mathematische {Probleme}},
	url = {https://de.wikisource.org/wiki/Mathematische_Probleme},
	urldate = {2023-01-13},
	booktitle = {Nachrichten von der {Gesellschaft} der {Wissenschaften} zu {Göttingen}, {Mathematisch}-{Physikalische} {Klasse}},
	publisher = {Vandenhoeck \& Ruprecht},
	author = {Hilbert, David},
	year = {1900},
	pages = {253--297},
}

@incollection{Hilbert1935a,
	address = {Berlin},
	title = {Naturerkennen und {Logik}},
	url = {https://gdz.sub.uni-goettingen.de/id/PPN237834022},
	urldate = {2023-01-13},
	booktitle = {Gesammelte {Abhandlungen} ({Dritter} {Band})},
	publisher = {Verlag von Julius Springer},
	author = {Hilbert, David},
	year = {1935},
	pages = {378--087},
}

@book{Hobbes1651,
	address = {London},
	title = {Leviathan, {Or}, {The} {Matter}, {Form}, and {Power} of a {Common}-wealth, {Ecclesiastical} and {Civil}},
	publisher = {Andrew Crooke},
	author = {Hobbes, Thomas},
	year = {1651},
	note = {Google-Books-ID: L3FgBpvIWRkC},
}

@book{Hochstetter1979,
	address = {Berlin; München},
	title = {Herrn von {Leibniz}’ {Rechnung} mit {Null} und {Eins}},
	url = {http://www.heenes.de/ro/material/leibniz/leibniz.pdf},
	urldate = {2023-01-13},
	publisher = {Siemens Aktiengesellshaft},
	author = {Hochstetter, Erich and Greve, Hermann J. and Gumin, Heinz},
	year = {1979},
}

@book{Hodges1997,
	address = {London},
	edition = {1},
	series = {The great philosophers},
	title = {Turing: {A} {Natural} {Philosopher}},
	isbn = {978-0-7538-0192-5},
	shorttitle = {Turing},
	number = {3},
	publisher = {Phoenix},
	author = {Hodges, Andrew},
	year = {1997},
}

@article{Ineichen2008,
	title = {Leibniz, {Caramul}, {Harriot} und das {Dualsystem}},
	volume = {16},
	issn = {0942-5977},
	url = {https://www.degruyter.com/document/doi/10.1515/dmvm-2008-0009/html},
	doi = {10.1515/dmvm-2008-0009},
	number = {1},
	urldate = {2023-01-13},
	journal = {Mitteilungen der Deutschen Mathematiker-Vereinigung},
	author = {Ineichen, Robert},
	year = {2008},
	pages = {12--15},
}

@book{Infeld1980,
	address = {New York, NY; London},
	edition = {2d ed},
	title = {Quest: {An} {Autobiography}},
	isbn = {978-0-8284-0309-2},
	shorttitle = {Quest},
	publisher = {Chelsea Pub. Co},
	author = {Infeld, Leopold},
	year = {1980},
	keywords = {Biography, Infeld, Leopold, Physicists, Poland},
}

@book{Izydor1911,
	address = {Oxonii},
	title = {Etymologiarvm sive {Originvm} libri {XX};},
	url = {http://archive.org/details/isidorihispalen00lindgoog},
	urldate = {2023-01-13},
	publisher = {e typographeo Clarendoniano},
	author = {{Isidore of Seville}},
	editor = {Lindsay, W. M. (Wallace Martin)},
	year = {1911},
	keywords = {Encyclopedias and dictionaries},
}

@book{Knuth1997,
	address = {Reading, MA},
	edition = {3rd ed},
	title = {The {Art} of {Computer} {Programming}: {Vol} 1. {Fundamental} {Algorithms}},
	isbn = {978-0-201-89683-1 978-0-201-89684-8 978-0-201-89685-5},
	publisher = {Addison-Wesley},
	author = {Knuth, Donald Ervin},
	year = {1997},
	keywords = {Computer algorithms, Computer programming},
}

@article{Kopania2018,
	title = {Leibniz i jego {Bóg}. {Rozważania} z {Voltaire}’em w tle},
	volume = {9},
	issn = {2391-775X, 2083-1978},
	url = {http://apcz.umk.pl/czasopisma/index.php/szhf/article/view/szhf.2018.031},
	doi = {10.12775/szhf.2018.031},
	number = {3},
	urldate = {2023-01-13},
	journal = {Studia z Historii Filozofii},
	author = {Kopania, Jerzy},
	year = {2018},
	pages = {69},
}

@article{Krajewski2012,
	title = {The ultimate strengthening of the {Turing} {Test}?},
	volume = {2012},
	issn = {1613-3692},
	url = {https://www.degruyter.com/document/doi/10.1515/sem-2012-0014/html},
	doi = {10.1515/sem-2012-0014},
	number = {188},
	urldate = {2023-01-13},
	journal = {Semiotica},
	author = {Krajewski, Stanisław},
	year = {2012},
	keywords = {child-rearing, human nature, intuition, robot, simulation, Turing Test},
	pages = {203--218},
}

@article{Krajewski2020,
	title = {On the {Anti}-{Mechanist} {Arguments} {Based} on {Gödel}’s {Theorem}},
	volume = {34},
	url = {https://doi.org/10.26333/sts.xxxiv1.02},
	doi = {10.26333/sts.xxxiv1.02},
	number = {1},
	urldate = {2023-01-13},
	journal = {Studia Semiotyczne},
	author = {Krajewski, Stanisław},
	year = {2020},
	pages = {9--56},
}

@incollection{Kuhn1974,
	address = {Urbana},
	title = {Second thoughts on paradigms},
	isbn = {978-0-252-00318-9},
	booktitle = {The {Structure} of {Scientific} {Theories}},
	publisher = {University of Illinois Press},
	author = {Kuhn, Thomas S},
	editor = {Suppe, Frederick},
	year = {1974},
	note = {Google-Books-ID: FNlfAAAAMAAJ},
	pages = {459--482},
}

@book{Leibniz1666,
	address = {Lipsiae [Leipzig]},
	title = {Dissertatio de arte combinatoria, in qua ex arithmeticae fundamentis complicationum ac transpositionum doctrina nouis praeceptis exstruitur ... noua etiam {Artis} meditandis, seu {Logicae} inuentionis semina sparguntur. {Praefixa} est synopsis totius tractatus, \& additamenti loco demonstratio existentiae {Dei}, ad mathematicam certitudinem exacta autore {Gottfredo} {Guilielmo} {Leibnüzio} {Lipsensi}...},
	url = {http://archive.org/details/ita-bnc-mag-00000844-001},
	urldate = {2023-01-14},
	publisher = {Joh. Simon. Fickium et Joh. Polycarp. Senboldum},
	author = {Leibniz, Gottfried Wilhelm},
	year = {1666},
}

@incollection{Leibniz1679,
	address = {Berlin; München},
	title = {De progressione dyadica (1679) [with {German} translation]},
	url = {http://www.heenes.de/ro/material/leibniz/leibniz.pdf},
	urldate = {2023-01-13},
	booktitle = {Herrn von {Leibniz}’ {Rechnung} mit {Null} und {Eins}},
	publisher = {Siemens Aktiengesellshaft},
	author = {Leibniz, Gottfried Wilhelm},
	collaborator = {Hochstetter, Erich and Greve, Hermann J. and Gumin, Heinz},
	year = {1979},
	pages = {46--47},
}

@misc{list1697,
	title = {Brief an den {Herzog} von {Braunschweig}-{Wolfenbüttel} {Rudolph} {August}, 2. {Januar} 1697},
	url = {http://www.fh-augsburg.de/~harsch/germanica/Chronologie/17Jh/Leibniz/lei_bina.html},
	urldate = {2023-01-14},
	author = {Leibniz, Gottfried Wilhelm},
	year = {1697},
}

@book{Leibniz1890,
	address = {Berlin},
	title = {Die philosophischen {Schriften} von {Gottfried} {Wilhelm} {Leibniz}, herausg. von {C}.{J}. {Gerhardt}. ({Vol}. 7)},
	url = {http://purl.ox.ac.uk/uuid/f9e9db855bb7460498e270f024a7d8dc},
	urldate = {2023-01-14},
	publisher = {Weidmann},
	author = {Leibniz, Gottfried Wilhelm},
	editor = {Gerhardt, Carl Immanuel},
	year = {1890},
	keywords = {Philosophy Works},
}

@incollection{Leibniz1677,
	address = {Berlin},
	title = {Dialogus},
	url = {http://purl.ox.ac.uk/uuid/f9e9db855bb7460498e270f024a7d8dc},
	urldate = {2023-01-14},
	booktitle = {Die philosophischen {Schriften} von {Gottfried} {Wilhelm} {Leibniz}, herausg. von {C}.{J}. {Gerhardt}. ({Vol}. 7)},
	publisher = {Weidmann},
	author = {Leibniz, Gottfried Wilhelm},
	editor = {Gerhardt, Carl Immanuel},
	year = {1890},
	keywords = {Philosophy Works},
	pages = {190--193},
}

@book{Leibniz1890-1,
	address = {Berlin},
	title = {Die philosophischen schriften von {Gottfried} {Wilhelm} {Leibniz}. {Bd}. 7},
	publisher = {Weidmann},
	author = {Leibniz, Gottfried Wilhelm},
	year = {1890},
}

@incollection{Leibniz1685,
	address = {New York},
	title = {On calculating machine [{Machina} arithmetica in qua non additio tantum et subtractio sed et multiplicatio nullo, divisio vero paene nullo animi labore peragantur]},
	url = {http://archive.org/details/sourcebookinmath00smit},
	urldate = {2023-01-14},
	booktitle = {A {Source} {Book} in {Mathematics}},
	publisher = {McGraw-Hill Book Co.},
	author = {Leibniz, Gottfried Wilhelm},
	editor = {Smith, David Eugene},
	translator = {Kormes, Mark},
	year = {1929},
	keywords = {Mathematics},
	pages = {173--181},
}

@book{Leibniz1990,
	address = {Frankfurt am Main},
	title = {Leibniz korrespondiert mit {China}: der {Briefwechsel} mit den {Jesuitenmissionaren} (1689-1714)},
	isbn = {978-3-465-02213-8},
	shorttitle = {Leibniz korrespondiert mit {China}},
	publisher = {V. Klostermann},
	author = {Leibniz, Gottfried Wilhelm},
	editor = {Widmaier, Rita},
	year = {1990},
	note = {Google-Books-ID: CuvWAAAAMAAJ},
}

@article{Lesne2007,
	title = {The discrete versus continuous controversy in physics},
	volume = {17},
	issn = {1469-8072, 0960-1295},
	url = {https://www.cambridge.org/core/journals/mathematical-structures-in-computer-science/article/abs/discrete-versus-continuous-controversy-in-physics/2713F932D3DC93F772040A4E73432E79},
	doi = {10.1017/S0960129507005944},
	number = {2},
	urldate = {2023-01-14},
	journal = {Mathematical Structures in Computer Science},
	author = {Lesne, Annick},
	year = {2007},
	pages = {185--223},
}

@book{Ligonniere1992,
	address = {Wrocław},
	title = {Prehistoria i historia komputerów: od początków rachowania do pierwszych kalkulatorów elektronicznych},
	isbn = {978-83-04-03809-7},
	shorttitle = {Prehistoria i historia komputerów},
	publisher = {Zakład Narodowy im. Ossolińskich},
	author = {Ligonnière, Robert},
	translator = {Dulinicz, Ryszard},
	year = {1992},
	keywords = {historia, Kalkulatory, Komputery},
}

@book{Marciszewski1981,
	address = {Hague; Boston; London},
	series = {Nijhoff {International} {Philosophy} {Series}},
	title = {Dictionary of {Logic} as {Applied} in the {Study} of {Language}: {Concepts}---{Methods}---{Theories}},
	isbn = {978-90-247-2123-8},
	shorttitle = {Dictionary of {Logic} as {Applied} in the {Study} of {Language}},
	number = {vol. 9},
	publisher = {Martinus  Nijhoff},
	editor = {Marciszewski, Witold},
	year = {1981},
	keywords = {filozofia, Informacja naukowa, Język i logika, Językoznawstwo, Logika, metodologia, słowniki},
}

@book{MartinAugustine2015,
	address = {Lanham, MD},
	title = {The {Myth} of an {Afterlife}: {The} {Case} {Against} {Life} {After} {Death}},
	isbn = {978-0-8108-8677-3},
	shorttitle = {The {Myth} of an {Afterlife}},
	publisher = {Rowman \& Littlefield},
	editor = {Martin, Michael and Augustine, Keith},
	year = {2015},
	keywords = {Future life},
}

@book{Mazur2014,
	address = {Princeton},
	title = {Enlightening {Symbols}: {A} {Short} {History} of {Mathematical} {Notation} and {Its} {Hidden} {Powers}},
	isbn = {978-1-4008-5011-2 978-0-691-15463-3},
	shorttitle = {Enlightening {Symbols}},
	publisher = {Princeton University Press},
	author = {Mazur, Joseph},
	year = {2014},
}

@book{Menninger1934,
	address = {Breslau},
	title = {Zahlwort und {Ziffer}: {Aus} der {Kulturgeschichte} unserer {Zahlsprache}, unserer {Zahlschrift} und des {Rechenbrettes}},
	publisher = {Ferdinand Hirt},
	author = {Menninger, Karl},
	year = {1934},
}

@book{Menninger1969,
	address = {Cambridge, MA},
	title = {Number {Words} and {Number} {Symbols}; a {Cultural} {History} of {Numbers}},
	url = {http://archive.org/details/numberwordsnumbe00menn},
	urldate = {2023-01-14},
	publisher = {MIT Press},
	author = {Menninger, Karl},
        translator ={Broneer, Paul},
	year = {1969},
	keywords = {Numerals},
}

@misc{Newton1675,
	title = {Isaac {Newton} letter to {Robert} {Hooke}  [{ID} 9792]},
	url = {https://digitallibrary.hsp.org/index.php/Detail/objects/9792},
	urldate = {2023-01-14},
	journal = {Historical Society of Pennsylvania Digital Library},
	author = {Newton, Isaac},
	year = {1675},
}

@book{Menninger1958,
	address = {Göttingen},
	edition = {2., neubearb. und erw. Aufl},
	title = {Zahlwort und {Ziffer}: eine {Kulturgeschichte} der {Zahl}},
	shorttitle = {Zahlwort und {Ziffer}},
	publisher = {Vandenhoeck \& Ruprecht},
	author = {Menninger, Karl},
	year = {1958},
	keywords = {Cyfry, historia, Liczebniki (językoznawstwo), Pojęcie liczby},
}

@book{Saresberiensis1159,
	title = {Metalogicus},
	url = {http://www.logicmuseum.com/wiki/Authors/John_of_Salisbury/Metalogicon},
	urldate = {2023-01-14},
	author = {{John of Salisbury (Ioannes Saresberiensis)}},
	year = {1159},
}

@book{Saresberiensis1955,
	address = {Berkeley; Los Angeles},
	title = {The {Metalogicon} of {John} of {Salisbury}},
	publisher = {University of California Press},
	author = {{John of Salisbury}},
	translator = {McGarry, Daniel D.},
	year = {1955},
	note = {Google-Books-ID: pA3VbvUf67EC},
}

@article{Shannon1958,
	title = {Von {Neumann}’s contributions to automata theory},
	volume = {64},
	issn = {0273-0979, 1088-9485},
	url = {https://www.ams.org/bull/1958-64-03/S0002-9904-1958-10214-1/},
	doi = {10.1090/S0002-9904-1958-10214-1},
	number = {3},
	urldate = {2023-01-14},
	journal = {Bulletin of the American Mathematical Society},
	author = {Shannon, Claude E.},
	year = {1958},
	pages = {123--129},
}

@article{Shirley1951,
	title = {Binary {Numeration} before {Leibniz}},
	volume = {19},
	issn = {0002-9505},
	url = {https://ui.adsabs.harvard.edu/abs/1951AmJPh..19..452S},
	doi = {10.1119/1.1933042},
	urldate = {2023-01-14},
	journal = {American Journal of Physics},
	author = {Shirley, John W.},
	year = {1951},
	note = {ADS Bibcode: 1951AmJPh..19..452S},
	pages = {452--454},
}

@article{Shirley1951-1,
	title = {Binary {Numeration} before {Leibniz}},
	volume = {19},
	issn = {0002-9505},
	url = {https://aapt.scitation.org/doi/10.1119/1.1933042},
	doi = {10.1119/1.1933042},
	number = {8},
	urldate = {2023-01-14},
	journal = {American Journal of Physics},
	author = {Shirley, John W.},
	year = {1951},
	pages = {452--454},
}

@article{Sibley2013,
	title = {Lessons from {Augustine}’s {De} {Genesi} ad {Litteram}—{Libri} {Duodecim}},
	volume = {27},
	number = {2},
	journal = {Journal of Creation},
	author = {Sibley, Andrew},
	year = {2013},
	pages = {71--77},
}

@book{Sonar2018,
	address = {Cham},
	title = {The {History} of the {Priority} {Dispute} between {Newton} and {Leibniz}},
	isbn = {978-3-319-72561-1 978-3-319-72563-5},
	url = {http://link.springer.com/10.1007/978-3-319-72563-5},
	urldate = {2023-01-14},
	publisher = {Springer International Publishing},
	author = {Sonar, Thomas},
	year = {2018},
	doi = {10.1007/978-3-319-72563-5},
	keywords = {culture, Isaac Newton, calculus controversy, Gottfried Wilhelm Leibniz, history of mathematics},
}

@book{Strogatz2019,
	address = {Boston},
	title = {Infinite {Powers}: {How} {Calculus} {Reveals} the {Secrets} of the {Universe}},
	isbn = {978-1-328-88001-7},
	shorttitle = {Infinite {Powers}},
	publisher = {Houghton Mifflin Harcourt},
	author = {Strogatz, Steven H.},
	year = {2019},
	keywords = {History, Calculus, Archimedes, Differential calculus},
}

@book{Swade2002,
	address = {New York},
	title = {The {Difference} {Engine}: {Charles} {Babbage} and the {Quest} to {Build} the {First} {Computer}},
	isbn = {978-0-14-200144-8},
	shorttitle = {The {Difference} {Engine}},
	url = {http://archive.org/details/differenceengine00doro},
	urldate = {2023-01-14},
	publisher = {Penguin Books},
	author = {Swade, Doron},
	year = {2002},
	keywords = {Babbage, Charles, 1791-1871},
}

@article{Swetz2003,
	title = {Leibniz, the {Yijing}, and the {Religious} {Conversion} of the {Chinese}},
	volume = {76},
	issn = {0025-570X},
	url = {https://www.jstor.org/stable/3219083},
	doi = {10.2307/3219083},
	number = {4},
	urldate = {2023-01-14},
	journal = {Mathematics Magazine},
	author = {Swetz, Frank J.},
	year = {2003},
	pages = {276--291},
}

@book{Swift1892,
	address = {London},
	title = {Gulliver's {Travels} into {Several} {Remote} {Nations} of the {World}},
	copyright = {Public domain in the USA.},
	url = {http:// www.gutenberg.org/ebooks/829},
	urldate = {2023-01-14},
	publisher = {George Bell amd Sons},
	author = {Swift, Jonathan},
	editor = {Price, D.},
	year = {1892},
	keywords = {Fantasy fiction, Gulliver, Lemuel (Fictitious character) -- Fiction, Satire, Travelers -- Fiction, Voyages, Imaginary -- Early works to 1800},
}

@book{Swift2020,
	title = {Podróże {Guliwera}},
	url = {https://wolnelektury.pl/szukaj/?q=guliwera},
	urldate = {2023-01-14},
	publisher = {Fundacja Nowczesna Polska},
	author = {Swift, J.},
	translator = {Sekuła, Aleksandra},
	year = {2020},
}

@article{Tegmark2008,
	title = {The {Mathematical} {Universe}},
	volume = {38},
	issn = {1572-9516},
	doi = {10.1007/s10701-007-9186-9},
	number = {2},
	urldate = {2023-01-14},
	journal = {Foundations of Physics},
	author = {Tegmark, Max},
	year = {2008},
	keywords = {Boolean Algebra, Boolean Function, Find Phys, Formal System, Mathematical Structure},
	pages = {101--150},
}

@book{Tegmark2014,
	address = {New York},
	edition = {1},
	title = {Our {Mathematical} {Universe}: {My} {Quest} for the {Ultimate} {Nature} of {Reality}},
	isbn = {978-0-307-59980-3 978-0-307-74425-8},
	shorttitle = {Our {Mathematical} {Universe}},
	publisher = {Alfred A. Knopf},
	author = {Tegmark, Max},
	year = {2014},
	keywords = {Cosmology, Mathematics, Mathematical physics, MATHEMATICS / General, Plurality of worlds, SCIENCE / Cosmology, SCIENCE / Physics},
}

@incollection{Trzesicki2006b,
	address = {Białystok},
	title = {Leibniza idea systemu binarnego},
	isbn = {978-83-7431-113-7},
	booktitle = {Filozofia i myśl społeczna {XVII} wieku},
	publisher = {Wydawnictwo Uniwersytetu},
	author = {Trzęsicki, Kazimierz},
	editor = {Kopania, Jerzy and Święczkowska, Halina},
	year = {2006},
	keywords = {17 w, Filozofia, Filozofia społeczna, konferencje},
	pages = {183--203},
}



@article{Trzesicki2006a,
	title = {From the {Idea} of {Decidability} to the {Number} '{Omega}'},
	volume = {9},
	issn = {0860-150X},
	url = {http://cejsh.icm.edu.pl/cejsh/element/bwmeta1.element.81a2f1db-908d-3270-a7fd-f231bdf84be6},
	number = {22},
	urldate = {2023-01-14},
	journal = {Studies in Logic, Grammar and Rhetoric},
	author = {Trzęsicki, Kazimierz},
	year = {2006},
	pages = {73--142},
}

@article{Trzesicki2006c,
	title = {Leibnizjańskie inspiracje informatyki},
	volume = {14},
	issn = {1230-6894},
	url = {https://www.ceeol.com/search/article-detail?id=97255},
	number = {3 (55)},
	urldate = {2023-01-14},
	journal = {Filozofia Nauki},
	author = {Trzęsicki, Kazimierz},
	year = {2006},
	keywords = {history of informatics, Leibniz},
	pages = {21--48},
}

@article{Trzesicki2006slgr,
	title = {Can {AI} {Be} {Intelligent}?},
	volume = {48},
	url = {https://sciendo.com/pl/article/10.1515/slgr-2016-0058},
	doi = {10.1515/slgr-2016-0058},
	number = {1},
	urldate = {2023-01-14},
	journal = {Studies in Logic, Grammar and Rhetoric},
	author = {Trzęsicki, Kazimierz},
	year = {2016},
	pages = {103--131},
}

@article{Trzesicki2020a,
	title = {Idea of {Artificial} {Intelligence}},
	volume = {9(3/4)},
	issn = {2299-0518},
	url = {http://bazekon.icm.edu.pl/bazekon/element/bwmeta1.element.ekon-element-000171604287},
	doi = {10.2478/sh-2020-0027},
	urldate = {2023-01-14},
	journal = {Studia Humana},
	author = {Trzęsicki, Kazimierz},
	year = {2020},
	pages = {37--65},
}

@article{Trzesicki2020,
	title = {Idea sztucznej inteligencji},
	volume = {8},
	issn = {2300-4711},
	url = {http://filozofiainauka.ifispan.waw.pl/category/artykuly/},
	doi = {10.37240/FiN.2010.8.1.3},
	number = {1},
	urldate = {2023-01-16},
	journal = {Filozofia i Nauka. Studia Filozoficzne i Interdyscyplinarne},
	author = {Trzęsicki, Kazimierz},
	year = {2020},
	pages = {69--96},
}

@book{vonNeumann1958,
	address = {New Haven},
	edition = {1},
	series = {Mrs. {Hepsa} {Ely} {Silliman} {Memorial} {Lectures}},
	title = {The {Computer} and the {Brain}},
	publisher = {Yale University Press},
	author = {von Neumann, John},
	year = {1958},
	keywords = {Cybernetyka, Komputery},
}

@incollection{vonNeumann1951,
	title = {The general and logical theory of automata},
	urldate = {2023-01-16},
	booktitle = {John {Von} {Neumann} {Collected} {Works}: {Volume} {V}: {Design} of {Computers}, {Theory} of {Automata} and {Numerical} {Analysis}},
	publisher = {Pergamon Press},
	author = {von Neumann, John},
	editor = {Taub, A. H.},
	year = {1963},
	pages = {288--328},
}

@book{Neumann1966,
	address = {Urbana, IL; London},
	title = {Theory of {Self}-{Reproducing} {Automata}},
	publisher = {University of Illinois Press},
	author = {von Neumann, John and Burks, Arthur W.},
	year = {1966},
}

@book{Westfall1983,
	address = {Cambridge},
	title = {Never at {Rest}: {A} {Biography} of {Isaac} {Newton}},
	isbn = {978-0-521-23143-5},
	shorttitle = {Never at {Rest}},
	publisher = {Cambridge University Press},
	author = {Westfall, Richard S.},
	year = {1983},
}

@incollection{hey_information_2018,
	edition = {1},
	title = {Information, {Physics}, {Quantum}: {The} {Search} for {Links}},
	isbn = {978-0-429-50045-9},
	shorttitle = {Information, {Physics}, {Quantum}},
	url = {https://www.taylorfrancis.com/books/9780429969003/chapters/10.1201/9780429500459-19},
	urldate = {2023-01-16},
	booktitle = {Feynman and {Computation}},
	publisher = {CRC Press},
	author = {Wheeler, John Archibald},
	collaborator = {Hey, Anthony},
	year = {2018},
	doi = {10.1201/9780429500459-19},
	pages = {309--336},
}

@incollection{Wheeler1989,
	address = {Tokyo},
	title = {Information, {Physics}, {Quantum}: {The} {Search} for {Links}},
	isbn = {978-4-89027-003-3},
	booktitle = {Proceedings of the 3rd {International} {Symposium} {Foundations} of {Quantum} {Mechanics} in the {Light} of {New} {Technology}: {Central} {Research} {Laboratory}, {Hitachi}, {Ltd}., {Kokubunji}, {Tokyo}, {Japan}, {August} 28-31, 1989},
	publisher = {Physical Society of Japan},
	author = {Wheeler, John Archibald},
	year = {1989},
	pages = {354--368},
}

@book{Whitehead1911,
	title = {An {Introduction} to {Mathematics}},
	url = {http://archive.org/details/introductiontoma00whitiala},
	urldate = {2023-01-16},
        address = {London; New York},
	publisher = {Williams \& Northgate; H. Holt},
	author = {Whitehead, Alfred North},
	year = {1911},
	keywords = {Mathematics},
}

@article{Wolfson1962,
	title = {The {Problem} of the {Souls} of the {Spheres} from the {Byzantine} {Commentaries} on {Aristotle} {Through} the {Arabs} and {St}. {Thomas} to {Kepler}},
	volume = {16},
	issn = {0070-7546},
	url = {https://www.jstor.org/stable/1291158},
	doi = {10.2307/1291158},
	urldate = {2023-01-16},
	journal = {Dumbarton Oaks Papers},
	author = {Wolfson, Harry A.},
	year = {1962},
	pages = {65--93},
}

@book{Wouk2010,
	address = {New York, NY},
	edition = {1},
	title = {The {Language} {God} {Talks}: {On} {Science} and {Religion}},
	isbn = {978-0-316-07845-0},
	shorttitle = {The {Language} {God} {Talks}},
	publisher = {Little, Brown and Co},
	author = {Wouk, Herman},
	year = {2010},
	keywords = {Religion and science},
}

@book{Zuse2010,
	address = {Berlin; Heidelberg},
	edition = {5., unveränd. Aufl},
	title = {Der {Computer} -- {Mein} {Lebenswerk}},
	isbn = {978-3-642-12095-4 978-3-642-12096-1},
	url = {http://link.springer.com/10.1007/978-3-642-12096-1},
	urldate = {2023-01-16},
	publisher = {Springer},
	author = {Zuse, Konrad},
	year = {2010},
	doi = {10.1007/978-3-642-12096-1},
	keywords = {Erfindungen, Flugzeug, Konrad Zuse, Politik, Strukturierte Analyse, Z3, Zuse KG},
}

@misc{Zuse2012a,
	title = {Calculating space ({Rechnender} {Raum})},
	url = {https://www.mathrix.org/zenil/ZuseCalculatingSpace-GermanZenil.pdf},
	urldate = {2023-01-16},
	author = {Zuse, Konrad},
	editor = {German, Adrian and Zenil, Hector},
	year = {2012},
}

@incollection{Zuse2012,
	title = {Calculating {Space} ({Rechnender} {Raum})},
	isbn = {978-981-4374-29-3 978-981-4374-30-9},
	url = {http://www.worldscientific.com/doi/abs/10.1142/9789814374309_0036},
	urldate = {2023-01-16},
	booktitle = {A {Computable} {Universe}},
	publisher = {WORLD SCIENTIFIC},
	author = {Zuse, Konrad},
	collaborator = {Zenil, Hector},
	year = {2012},
	doi = {10.1142/9789814374309_0036},
	pages = {729--786},
}

@misc{Chaitin2004,
	title = {Leibniz, {Randomness} and the {Halting} {Probability}},
	url = {http://arxiv.org/abs/math/0406055},
	doi = {10.48550/arXiv.math/0406055},
	urldate = {2023-01-16},
	publisher = {arXiv},
	author = {Chaitin, G. J.},
	year = {2004},
	note = {arXiv:math/0406055},
	keywords = {68Q30, Mathematics - History and Overview},
}


@misc{burks_preliminary_1946,
	title = {Preliminary {Discussion} of the {Logical} {Design} of an {Electronic} {Computing} {Instrument}},
	shorttitle = {Preliminary {Discussion}},
	url = {https://www.ias.edu/sites/default/files/library/Prelim_Disc_Logical_Design.pdf},
	urldate = {2023-01-17},
	publisher = {U.S. Army Ordnance Department \& Institute for Advanced Study},
	author = {Burks, Arthur W. and Goldstine, Herman H. and von Neumann, John},
	month = jun,
	year = {1946},
}

@misc{heschmeyer_two_2012,
	title = {Two {Interesting} {Arguments} for {God}: {Intelligibility} \& {Desire}},
	url = {http://shamelesspopery.com/two-interesting-arguments-for-god-intelligibility-desire/},
	urldate = {2023-01-17},
	journal = {Shameless Popery},
	author = {Heschmeyer, Joe},
	year = {2012},
}

@misc{galileo_galilei_letter_1615,
	title = {Letter to {Madame} {Christina} of {Lorraine}, {Grand} {Duchess} of {Tuscany}},
	url = {https://inters.org/galilei-madame-christina-Lorraine},
	urldate = {2023-01-17},
	journal = {Inters.org},
	author = {{Galileo Galilei}},
	translator = {Drake, Stillman},
	year = {1615},
}


@incollection{alexander-villedieu_carmen_1839,
	address = {London},
	title = {Carmen de {Algorismo}},
	url = {https://www.biodiversitylibrary.org/item/70672},
	language = {en},
	booktitle = {Rara {Mathematica}; or, a {Collection} of {Treatises} on the {Mathematics} and {Subjects} {Connected} with {Them}, from {Ancient} {Inedited} {Manuscripts}},
	publisher = {J. W. Parker; J.\& J.J. Deighton; T. Stevenson},
	author = {{Alexander de Villa Dei}},
	editor = {Halliwell-Phillipps, J. O.},
	year = {1839},
	pages = {73--83},
}

@article{duch_why_2017,
	title = {Why minds cannot be received, but are created by brains},
	volume = {5},
	copyright = {Copyright (c) 2017 Scientia et Fides},
	issn = {2353-5636},
	url = {https://apcz.umk.pl/SetF/article/view/SetF.2017.014},
	number = {2},
	urldate = {2023-01-17},
	journal = {Scientia et Fides},
	author = {Duch, Włodzisław},
	year = {2017},
	note = {Number: 2},
	keywords = {artificial intelligence, brain, consciousness, dynamical forms, mind, neuroimaging, personal identity, soul},
	pages = {171--198},
}

@misc{duch_katolicyzm_2015,
	title = {Katolicyzm po kognitywistyce: o nową teologię umysłu},
	shorttitle = {Katolicyzm po kognitywistyce},
	url = {http://teologia.deon.pl/katolicki-obraz-natury-ludzkiej-i-nauki-kognitywne/},
	urldate = {2023-01-17},
	journal = {Kleofas},
	author = {Duch, Włodzisław},
	year = {2015},
}

@incollection{slomka_neuronauki_2012,
	address = {Lublin},
	series = {Filozofia {Przyrody} i {Nauk} {Przyrodniczych}},
	title = {Neuronauki i natura ludzka},
	isbn = {978-83-7702-370-9},
	number = {8},
	booktitle = {Nauki przyrodnicze a nowy ateizm},
	publisher = {Wydawnictwo KUL},
	author = {Duch, Włodzisław},
	editor = {Słomka, Marek},
	year = {2012},
	keywords = {1990-, Ateizm, konferencje, Religia i nauka},
	pages = {79--122},
}


@misc{glushkov_chto_2004,
	title = {Chto skazhet istorija? (in Russian)},
	url = {https://web.archive.org/web/20100426165336/http://www.situation.ru/app/j_art_333.htm},
	urldate = {2023-01-17},
	journal = {Al'manah "Vostok"},
	author = {Glushkov, V.M.},
	year = {2004},
}


@article{smith_david_2014,
	title = {David {Hilbert}'s {Radio} {Address}},
	url = {https://www.maa.org/node/326611},
	doi = {10.4169/convergence20140202},
	urldate = {2023-01-17},
	journal = {Convergence},
	author = {Smith, James},
	year = {2014},
}

@article{Dodig2022,
	title = {In search of a common, information-processing, agency-based framework for anthropogenic, biogenic, and abiotic cognition and intelligence},
	copyright = {Copyright (c) 2019 Philosophical Problems in Science (Zagadnienia Filozoficzne w Nauce)},
	issn = {2451-0602},
	shorttitle = {Philosophy in science},
	language = {en},
	number = {73},
	journal = {Philosophical Problems in Science (Zagadnienia Filozoficzne w Nauce)},
	author = {Dodig-Crnkovic, Gordana},
	year = {2022},
	keywords = {analytic philosophy, interdisciplinary research, Lvov-Warsaw School, metaphilosophy, Michael Heller, non-foundational philosophy, philosophy in science, science and religion},
	pages = {pp.\pageref*{gordana_start}--\pageref*{gordana_stop}},
}
