%% This BibTeX bibliography file was created using BibDesk.
%% https://bibdesk.sourceforge.io/

%% Created for admin at 2023-01-08 19:46:17 +0100 


%% Saved with string encoding Unicode (UTF-8) 



@article{Haigh2020,
	author = {Thomas Haigh and Mark Priestley},
	date-added = {2023-01-08 19:44:50 +0100},
	date-modified = {2023-01-08 19:46:13 +0100},
	doi = {10.1145/3372920},
	journal = {Communications of the ACM},
	number = {1},
	pages = {26-32},
	title = {Historical reflections von Neumann thought Turing's universal machine was 'simple and neat.' but that didn't tell him how to design a computer.},
	volume = {63},
	year = {2020},
	bdsk-url-1 = {https://doi.org/10.1145/3372920}}

@article{Daylight2014,
	author = {Edgar G. Daylight},
	date-added = {2023-01-08 19:41:31 +0100},
	date-modified = {2023-01-08 19:42:59 +0100},
	doi = {10.1145/2629499},
	journal = {Communications of the ACM},
	number = {10},
	pages = {36-38},
	title = {A {Turing} Tale},
	volume = {57},
	year = {2014},
	bdsk-url-1 = {https://doi.org/10.1145/2629499}}

@article{DeMol2018a,
	author = {Liesbeth De Mol},
	date-added = {2023-01-08 19:40:56 +0100},
	date-modified = {2023-01-08 19:40:56 +0100},
	journal = {Stanford Encyclopedia},
	title = {Turing Machines},
	url = {https://plato.stanford.edu/entries/turing-machine/},
	year = {2018},
	bdsk-url-1 = {https://plato.stanford.edu/entries/turing-machine/}}

@article{Goldin2004,
	author = {Dina Goldin and Scott A. Smolka and Paul C. Attie and Elaine L. Sonderegger},
	date-added = {2023-01-08 18:47:22 +0100},
	date-modified = {2023-01-08 18:47:37 +0100},
	doi = {https://doi.org/10.1016/j.ic.2004.07.002},
	issn = {0890-5401},
	journal = {Information and Computation},
	keywords = {Models of interactive computation, Persistent Turing machine, Persistent stream language, Interactive transition system, Sequential interactive computation},
	note = {Special Issue Commemorating the 50th Birthday Anniversary of Paris C. Kanellakis},
	number = {2},
	pages = {101-128},
	title = {Turing machines, transition systems, and interaction},
	url = {https://www.sciencedirect.com/science/article/pii/S0890540104001257},
	volume = {194},
	year = {2004},
	bdsk-url-1 = {https://www.sciencedirect.com/science/article/pii/S0890540104001257},
	bdsk-url-2 = {https://doi.org/10.1016/j.ic.2004.07.002}}

@book{Plato2018,
	author = {Edward A. Lee},
	date-added = {2023-01-08 18:17:05 +0100},
	date-modified = {2023-01-08 18:17:05 +0100},
	doi = {10.7551/mitpress/11180.001.0001},
	publisher = {MIT Press},
	title = {Plato and The Nerd},
	year = {2020},
	bdsk-url-1 = {https://doi.org/10.7551/mitpress/11180.001.0001}}

@book{Nisan2005,
	author = {Noam Nisan and Shimon Schocken},
	address = {Cambridge},
	date-added = {2023-01-08 18:16:25 +0100},
	date-modified = {2023-01-08 18:16:25 +0100},
	isbn = {9780262640688},
	publisher = {MIT Press},
	title = {The {Elements} of {Computing} {Systems}: {Building} a {Modern} {Computer} from {First} {Principles}},
	year = {2005}}

@article{Martin2023a,
	author = {Alice Martin and Mathieu Magnaudet and St{\'e}phane Conversy},
	date-added = {2023-01-06 18:37:35 +0100},
	date-modified = {2023-01-06 18:40:04 +0100},
	journal = {Philosophical Problems in Science},
	title = {Modelling interactive computing systems: Do we have a good theory of what computers are? (forthcoming)},
	year = {2022}}

@article{Martin2023,
	author = {Alice Martin and Mathieu Magnaudet and St{\'e}phane Conversy},
	date-added = {2023-01-06 18:36:07 +0100},
	date-modified = {2023-01-06 18:37:21 +0100},
	journal = {Minds and Machines},
	title = {Computers as interactive machines: {Can} we build an explanatory abstraction?},
	year = {forthcoming},
},
	

@article{Wegner1998,
	author = {Peter Wegner},
	date-added = {2023-01-06 18:31:19 +0100},
	date-modified = {2023-01-08 19:26:25 +0100},
	doi = {10.1016/S0304-3975(97)00154-0},
	journal = {Theoretical Computer Science},
	keywords = {Constraints,Coordination,Emergent behavior,Empirical computer science,Games,Grammars,Incompleteness,Interaction,Logic,Models,On-line algorithms,Process models,Time,Turing machines},
	number = {2},
	pages = {315-351},
	title = {Interactive foundations of computing},
	volume = {192},
	year = {1998},
	bdsk-url-1 = {https://doi.org/10.1016/S0304-3975(97)00154-0}}

@inproceedings{Goldin2000,
	author = {Dina Goldin},
	booktitle = {Foundations of {Information} and {Knowledge} {Systems}. {FoIKS} 2000},
	date-added = {2023-01-06 18:30:13 +0100},
	date-modified = {2023-01-08 19:29:12 +0100},
	doi = {10.1007/3-540-46564-2_8},
	editor = {Schewe, KD. and Thalheim, B.},
	pages = {116-135},
	publisher = {Springer},
	address = {Berlin; Heidelberg},
	series = {Lecture Notes in Computer Science},
	title = {Persistent {Turing} machines as a model of interactive computation},
	volume = {1762},
	year = {2000},
	bdsk-url-1 = {https://doi.org/10.1007/3-540-46564-2_8}}

@article{Lee2016,
	author = {Edward A Lee},
	booktitle = {ACM Transactions on Cyber-Physical Systems},
	date-added = {2023-01-06 18:28:33 +0100},
	date-modified = {2023-01-08 19:18:39 +0100},
	doi = {10.1145/2912149},
	issn = {2378962X},
	journal = {ACM Transactions on Cyber-Physical Systems},
	number = {1},
	pages = {1-26},
	title = {Fundamental Limits of Cyber-Physical Systems Modeling},
	volume = {1},
	year = {2017},
	bdsk-url-1 = {https://doi.org/10.1145/2912149}}

@article{Lee2006_modelsofcomputation,
	author = {Edward A. Lee and Stephen Neuendorffer},
	date-added = {2023-01-06 18:26:08 +0100},
	date-modified = {2023-01-06 18:26:08 +0100},
	doi = {10.1049/PBCS018E_ch7},
	isbn = {9781849190206},
	journal = {System-on-Chip: Next Generation Electronics},
	title = {Concurrent models of computation for embedded software},
	year = {2006},
	bdsk-url-1 = {https://doi.org/10.1049/PBCS018E_ch7}}

@article{Lee1998,
	author = {Edward A. Lee and Alberto Sangiovanni-Vincentelli},
	date-added = {2023-01-06 18:25:36 +0100},
	date-modified = {2023-01-06 18:25:36 +0100},
	doi = {10.1109/43.736561},
	journal = {IEEE Transactions on Computer-Aided Design of Integrated Circuits and Systems},
	title = {A framework for comparing models of computation},
	year = {1998},
	bdsk-url-1 = {https://doi.org/10.1109/43.736561}}

@article{Milner1983,
	author = {Robin Milner},
	date-added = {2023-01-06 18:23:57 +0100},
	date-modified = {2023-01-06 18:23:57 +0100},
	doi = {10.1016/0304-3975(83)90114-7},
	journal = {Theoretical Computer Science},
	title = {Calculi for synchrony and asynchrony},
	year = {1983},
	bdsk-url-1 = {https://doi.org/10.1016/0304-3975(83)90114-7}}

@inproceedings{Basman2018,
	author = {Antranig Basman and Philip Tchernavskij and Simon Bates and Michel Beaudouin-Lafon},
	booktitle = {Conference Companion of the 2nd International Conference on Art, Science, and Engineering of Programming},
	date-added = {2023-01-06 18:20:25 +0100},
	date-modified = {2023-01-06 18:20:25 +0100},
	doi = {10.1145/3191697.3214328},
	keywords = {Interaction models,interaction architectures,interaction paradigms},
	pages = {188-196},
	publisher = {Association for Computing Machinery},
	title = {An Anatomy of Interaction: Co-Occurrences and Entanglements},
	year = {2018},
	bdsk-url-1 = {https://doi.org/10.1145/3191697.3214328}}

@article{Dearden1997,
	author = {Andrew M. Dearden and Michael D. Harrison},
	date-added = {2023-01-06 18:16:44 +0100},
	date-modified = {2023-01-08 19:22:09 +0100},
	doi = {10.1006/ijhc.1996.0087},
	journal = {International Journal of Human Computer Studies},
	number = {1},
	pages = {151-177},
	title = {Abstract models for {HCI}},
	volume = {46},
	year = {1997},
	bdsk-url-1 = {https://doi.org/10.1006/ijhc.1996.0087}}

@inproceedings{Hornbaek2017,
	author = {Kasper Hornbaek and Antti Oulasvirta},
	booktitle = {Proceedings of the 2017 {CHI} {Conference} on {Human} {Factors} in {Computing} {Systems}},
	address = {New York, NY},
	date-added = {2023-01-06 18:10:54 +0100},
	date-modified = {2023-01-06 18:10:54 +0100},
	doi = {10.1145/3025453.3025765},
	keywords = {concepts,human-computer interaction,interaction,models,scientific progress,theories},
	pages = {5040-5052},
	publisher = {Association for Computing Machinery},
	title = {What Is Interaction?},
	year = {2017},
	bdsk-url-1 = {https://doi.org/10.1145/3025453.3025765}}

@article{Myers1994,
	author = {Brad Myers},
	date-added = {2023-01-06 18:10:30 +0100},
	date-modified = {2023-01-06 18:10:30 +0100},
	doi = {10.1145/174800.174808},
	journal = {Interactions},
	title = {Challenges of {HCI} Design and Implementation},
	year = {1994},
	bdsk-url-1 = {https://doi.org/10.1145/174800.174808}}

@incollection{Beaudouin-Lafon2006,
	author = {Michel Beaudouin-Lafon},
	booktitle = {Interactive Computation: The New Paradigm},
	date-added = {2023-01-06 18:09:05 +0100},
	date-modified = {2023-01-08 19:37:09 +0100},
	doi = {10.1007/3-540-34874-3_10},
	editor = {Dina Goldin and Scott A. Smolka and Peter Wegner},
	pages = {227-254},
	publisher = {Springer}, address={Berlin; Heidelberg},
	title = {Human-computer interaction},
	year = {2006},
	bdsk-url-1 = {https://doi.org/10.1007/3-540-34874-3_10}}

@incollection{VanLeeuwen2000,
	author = {Jan {Van Leeuwen} and J. Wiedermann},
	booktitle = {Theoretical Computer Science: Exploring New Frontiers of Theoretical Informatics},
	date-added = {2023-01-04 15:46:36 +0100},
	date-modified = {2023-01-04 15:46:36 +0100},
	doi = {10.1007/3-540-44929-9_48},
	editor = {van Leeuwen, J. and Watanabe, O. and Hagiya, M. and Mosses, P.D. and Ito, T.},
	publisher = {Springer}, address={Berlin; Heidelberg},
	series = {TCS 2000. Lecture Notes in Computer Science},
	title = {On the Power of Interactive Computing},
	volume = {1872},
	year = {2000},
	bdsk-url-1 = {https://doi.org/10.1007/3-540-44929-9_48}}

@article{Prasse1998,
	author = {Michael Prasse and Peter Rittgen},
	date-added = {2023-01-04 15:28:47 +0100},
	date-modified = {2023-01-04 15:28:47 +0100},
	doi = {10.1093/comjnl/41.6.357},
	issn = {00104620},
	journal = {The Computer Journal},
	pages = {357-362},
	title = {Why {Church's} thesis still holds. Some notes on {Peter} {Wegner's} tracts on interaction and computability},
	volume = {41},
	year = {1998},
	bdsk-url-1 = {https://doi.org/10.1093/comjnl/41.6.357}}

@article{Kycia_Niemczynowicz_2020,
	author = {Kycia, Radosław and Niemczynowicz, Agnieszka},
	date-added = {2023-01-04 11:42:23 +0100},
	date-modified = {2023-01-04 11:42:23 +0100},
	journal = {Philosophical Problems in Science (Zagadnienia Filozoficzne w Nauce)},
	number = {69},
	pages = {237--252},
	title = {Information and physics},
	url = {https://zfn.edu.pl/index.php/zfn/article/view/513},
	year = {2020},
	bdsk-url-1 = {https://zfn.edu.pl/index.php/zfn/article/view/513}}

@book{Bielecki2019,
	author = {Andrzej Bielecki},
	date-added = {2023-01-04 11:36:47 +0100},
	date-modified = {2023-01-04 11:39:12 +0100},
	doi = {10.1007/978-3-319-90140-4},
	publisher = {Springer International Publishing},
	rating = {1},
	series = {Studies in Computational Intelligence},
	title = {Models of Neurons and Perceptrons: Selected Problems and Challenges},
	volume = {770},
	year = {2019},
	bdsk-url-1 = {https://doi.org/10.1007/978-3-319-90140-4}}

@article{Wegner2006,
	author = {Peter Wegner and Dina Goldin},
	date-added = {2023-01-03 13:11:41 +0100},
	date-modified = {2023-01-03 14:07:02 +0100},
	doi = {10.1145/1139922.1139942},
	journal = {Communications of the ACM},
	number = {7},
	pages = {27--29},
	title = {Principles of problem solving},
	volume = {49},
	year = {2006},
	bdsk-url-1 = {https://doi.org/10.1145/1139922.1139942}}

@article{Wegner2003,
	author = {Peter Wegner and Dina Goldin},
	date-added = {2023-01-03 13:11:24 +0100},
	date-modified = {2023-01-03 13:35:03 +0100},
	doi = {10.1145/641205.641235},
	journal = {Communications of the ACM},
	number = {4},
	pages = {100-102},
	title = {Computation beyond {Turing} machines},
	volume = {46},
	year = {2003},
	bdsk-url-1 = {https://doi.org/10.1145/641205.641235}}

@incollection{Wegner1999,
	author = {Peter Wegner and Dina Goldin},
	booktitle = {Conceptual Modeling: Current Issues and Future Directions},
	date-added = {2023-01-03 13:11:17 +0100},
	date-modified = {2023-01-03 13:46:55 +0100},
	doi = {10.1007/3-540-48854-5_19},
	editor = {Goos, G. and Hartmanis, J. and van Leeuwen, J. and Chen, Peter P. and Akoka, Jacky and Kangassalu, Hannu and Thalheim, Bernhard},
	pages = {243--257},
	publisher = {Springer}, address={Berlin; Heidelberg},
	series = {Lecture Notes in Computer Science},
	title = {Interaction as a Framework for Modeling},
	volume = {1565},
	year = {1999},
	bdsk-url-1 = {https://doi.org/10.1007/3-540-48854-5_19}}

@article{Wegner1995,
	author = {Peter Wegner},
	date-added = {2023-01-03 13:10:57 +0100},
	date-modified = {2023-01-03 13:45:22 +0100},
	doi = {10.1145/214037.214092},
	journal = {ACM Computing Surveys (CSUR)},
	number = {1},
	pages = {45--48},
	title = {Interaction as a Basis for Empirical Computer Science},
	volume = {27},
	year = {1995},
	bdsk-url-1 = {https://doi.org/10.1145/214037.214092}}

@article{Wegner1997,
	author = {Peter Wegner},
	date-added = {2023-01-03 13:10:43 +0100},
	date-modified = {2023-01-03 14:43:40 +0100},
	doi = {10.1145/253769.253801},
	journal = {Communications of the ACM},
	number = {5},
	pages = {80--91},
	title = {Why interaction is more powerful than algorithms},
	volume = {40},
	year = {1997},
	bdsk-url-1 = {https://doi.org/10.1145/253769.253801}}

@article{Turing1937,
	author = {Alan Turing},
	date-added = {2023-01-03 13:10:25 +0100},
	date-modified = {2023-01-03 13:58:42 +0100},
	doi = {10.1112/plms/s2-42.1.230},
	journal = {Proceedings of the London Mathematical Society},
	number = {1},
	pages = {230-265},
	title = {On computable numbers, with an application to the entscheidungsproblem},
	volume = {s2-42},
	year = {1937},
	bdsk-url-1 = {https://doi.org/10.1112/plms/s2-42.1.230}}

@inbook{Thomas1990,
	author = {Wolfgang Thomas},
	booktitle = {Formal Models and Semantics},
	chapter = {4},
	date-added = {2023-01-03 13:10:14 +0100},
	date-modified = {2023-01-03 13:27:33 +0100},
	doi = {10.1016/b978-0-444-88074-1.50009-3},
	pages = {133-191},
	publisher = {Elsevier},
        address ={Amsterdam},
	title = {Automata on Infinite Objects},
	year = {1990},
	bdsk-url-1 = {https://doi.org/10.1016/b978-0-444-88074-1.50009-3}}

@inbook{Staiger1997,
	author = {Ludwig Staiger},
	booktitle = {Handbook of Formal Languages},
	date-added = {2023-01-03 13:09:58 +0100},
	date-modified = {2023-01-03 13:57:34 +0100},
	doi = {10.1007/978-3-642-59126-6_6},
	editor = {Rozenberg, G. and Salomaa, A.},
	pages = {339--387},
	publisher = {Springer}, address={Berlin; Heidelberg},
	title = {Omega-Languages},
	year = {1997},
	bdsk-url-1 = {https://doi.org/10.1007/978-3-642-59126-6_6}}

@inbook{Soare2013,
	author = {Robert Irving Soare},
	booktitle = {Computability: {Turing}, {Godel}, {Church}, and {Beyond}},
	chapter = {9},
	date-added = {2023-01-03 13:09:51 +0100},
	date-modified = {2023-01-03 13:49:59 +0100},
	doi = {10.7551/mitpress/8009.003.0010},
	editor = {B. Jack Copeland},
	isbn = {0262312670},
	pages = {214-271},
	publisher = {MIT Press},
        address = {Cambridge, MA},
	title = {Interactive computing and relativized computability},
	year = {2013},
	bdsk-url-1 = {https://doi.org/10.7551/mitpress/8009.003.0010}}

@incollection{Smith2002,
	author = {Brian Cantwell Smith},
	booktitle = {Computationlism: New Directions},
	date-added = {2023-01-03 13:09:41 +0100},
	date-modified = {2023-01-03 14:17:41 +0100},
	editor = {Matthias Scheutz},
	publisher = {MIT Press},
        address ={Cambridge, MA},
	title = {The Foundations of Computing},
	year = {2002}
}

@article{Siegelmann1995,
	author = {Hava T. Siegelmann},
	date-added = {2023-01-03 13:09:16 +0100},
	date-modified = {2023-01-03 13:34:22 +0100},
	doi = {10.1126/science.268.5210.545},
	journal = {Science},
	number = {5210},
	pages = {545-548},
	pmid = {17756722},
	title = {Computation beyond the {Turing} limit},
	volume = {268},
	year = {1995},
	bdsk-url-1 = {https://doi.org/10.1126/science.268.5210.545}}

@article{Rapaport2018,
	author = {William J Rapaport},
	date-added = {2023-01-03 13:09:05 +0100},
	date-modified = {2023-01-03 14:42:53 +0100},
	doi = {10.1007/s11023-018-9465-6},
	journal = {Minds and Machines},
	keywords = {Arthur Samuel,Computation,Computers,Gualtiero Piccinini,Herbert Simon,John Searle,Martin Davis,Patrick Hayes,Turing machines},
	number = {3},
	pages = {385--426},
	title = {What is a Computer? A Survey},
	volume = {28},
	year = {2018},
	bdsk-url-1 = {https://doi.org/10.1007/s11023-018-9465-6}}

@inproceedings{Pour-El1999,
	author = {Marian Boykan Pour-El},
	booktitle = {Handbook of {Computability} {Theory}, {Studies} in {Logic} and the {Foundations} of {Mathematics}},
	address = {Amsterdam},
	date-added = {2023-01-03 13:08:51 +0100},
	date-modified = {2023-01-03 13:08:51 +0100},
	doi = {10.1016/S0049-237X(99)80029-9},
	editor = {E.R Griffor},
	pages = {449-471},
	publisher = {Elsevier},
	title = {The structure of computability in analysis and physical theory: An extension of {Church's} {thesis}},
	year = {1999},
	bdsk-url-1 = {https://doi.org/10.1016/S0049-237X(99)80029-9}}

@incollection{Pierce2000,
	author = {Benjamin C Pierce and David N Turner},
	booktitle = {Proof, {Language} and {Interaction}: {Essays} in {Honour} of {Robin} {Milner}},
	date-added = {2023-01-03 13:08:44 +0100},
	date-modified = {2023-01-03 14:03:52 +0100},
	pages = {455-494},
	publisher = {MIT Press},
        address = {Cambridge, MA},
	title = {Pict: A Programming Language Based on the Pi-Calculus},
	year = {2000}}

@article{Piccinini2008,
	author = {Gualtiero Piccinini},
	date-added = {2023-01-03 13:08:30 +0100},
	date-modified = {2023-01-03 13:37:13 +0100},
	doi = {10.1111/j.1468-0114.2008.00309.x},
	journal = {Pacific Philosophical Quarterly},
	number = {1},
	pages = {32--73},
	title = {Computers},
	volume = {89},
	year = {2008},
	bdsk-url-1 = {https://doi.org/10.1111/j.1468-0114.2008.00309.x}}

@inproceedings{Arbach2015,
	author = {Youssef Arbach and David Karcher and Kirstin Peters and Uwe Nestmann},
	booktitle = {Formal Techniques for Distributed Objects, Components, and Systems},
	date-added = {2023-01-03 13:08:10 +0100},
	date-modified = {2023-01-03 13:40:31 +0100},
	doi = {10.1007/978-3-319-19195-9_6},
	editor = {Graf, S. and Viswanathan, M.},
	isbn = {9783319191942},
	issn = {16113349},
	pages = {83--97},
	series = {Lecture Notes in Computer Science},
	title = {Dynamic causality in event structures},
	volume = {9039},
	year = {2015},
	bdsk-url-1 = {https://doi.org/10.1007/978-3-319-19195-9_6}}

@article{Baldan2001,
	author = {Paolo Baldan and Andrea Corradini and Ugo Montanari},
	date-added = {2023-01-03 13:07:18 +0100},
	date-modified = {2023-01-03 13:37:59 +0100},
	doi = {10.1006/inco.2001.3060},
	issn = {08905401},
	journal = {Information and Computation},
	keywords = {Asymmetric conflict,Concurrent semantics,Contextual Petri nets,Domains,Event structures,Processes,Read arcs,Unfolding},
	number = {1},
	pages = {1-49},
	title = {Contextual Petri nets, asymmetric event structures, and processes},
	volume = {171},
	year = {2001},
	bdsk-url-1 = {https://doi.org/10.1006/inco.2001.3060}}

@inproceedings{Glabbeek2004,
	author = {Rob Van Glabbeek and Gordon Plotkin},
	booktitle = {29th International Symposium on Mathematical Foundations of Computer},
	date-added = {2023-01-03 13:07:04 +0100},
	date-modified = {2023-01-03 13:47:09 +0100},
	doi = {10.1007/978-3-540-28629-5_42},
	issn = {03029743},
	pages = {550--561},
	publisher = {Springer}, address={Berlin; Heidelberg},
	series = {Lecture Notes in Computer Science (including subseries Lecture Notes in Artificial Intelligence and Lecture Notes in Bioinformatics)},
	title = {Event structures for resolvable conflict},
	volume = {3153},
	year = {2004},
	bdsk-url-1 = {https://doi.org/10.1007/978-3-540-28629-5_42}}

@article{Nielsen1981,
	author = {Mogens Nielsen and Gordon Plotkin and Glynn Winskel},
	date-added = {2023-01-03 13:06:56 +0100},
	date-modified = {2023-01-03 14:01:55 +0100},
	doi = {10.1016/0304-3975(81)90112-2},
	issn = {03043975},
	journal = {Theoretical Computer Science},
	number = {1},
	pages = {85-108},
	title = {Petri nets, event structures and domains, part {I}},
	volume = {13},
	year = {1981},	
	bdsk-url-1 = {https://doi.org/10.1016/0304-3975(81)90112-2}}

@inproceedings{Petri1980,
	author = {Petri, C.A.},
	booktitle = {Net Theory and Applications},
	date-added = {2023-01-03 13:06:47 +0100},
	date-modified = {2023-01-03 13:51:05 +0100},
	doi = {10.1007/3-540-10001-6_21},
	editor = {Brauer, W.},
	isbn = {9783540100010},
	issn = {16113349},
	publisher = {Springer}, address={Berlin; Heidelberg},
	series = {Lecture Notes in Computer Science},
	title = {Introduction to general net theory},
	volume = {84},
	year = {1980},
	bdsk-url-1 = {https://doi.org/10.1007/3-540-10001-6_21}}

@inproceedings{Mikowski2016,
	author = {Marcin Miłkowski},
	booktitle = {Computing and {Philosophy}: {Selected} {Papers} from {IACAP} 2014},
	date-added = {2023-01-03 13:06:28 +0100},
	date-modified = {2023-01-03 13:22:04 +0100},
	doi = {10.1007/978-3-319-23291-1_13},
	editor = {M{\"u}ller, Vincent C},
	pages = {191--205},
	publisher = {Springer International Publishing},
	title = {A Mechanistic Account of Computational Explanation in Cognitive Science and Computational Neuroscience},
	volume = {375},
	year = {2016},
	bdsk-url-1 = {https://doi.org/10.1007/978-3-319-23291-1_13}}

@article{Mikowski2014,
	author = {Marcin Miłkowski},
	date-added = {2023-01-03 13:06:17 +0100},
	date-modified = {2023-01-03 13:36:24 +0100},
	doi = {10.4000/philosophiascientiae.1019},
	journal = {Philosophia Scientiae},
	number = {3},
	pages = {215-228},
	title = {Computational mechanisms and models of computation},
	volume = {18},
	year = {2014},
	bdsk-url-1 = {https://doi.org/10.4000/philosophiascientiae.1019}}

@article{Mikowski2011,
	author = {Marcin Miłkowski},
	date-added = {2023-01-03 13:06:02 +0100},
	date-modified = {2023-01-03 13:28:49 +0100},
	journal = {Journal of Cognitive Science},
	pages = {359-379},
	title = {Beyond Formal Structure: A Mechanistic Perspective on Computation and Implementation},
	volume = {12},
	year = {2011}}

@book{Milner2009,
	author = {Robin Milner},
	date-added = {2023-01-03 13:05:27 +0100},
	date-modified = {2023-01-03 14:20:29 +0100},
	doi = {10.1017/CBO9780511626661},
	isbn = {9780511626661},
	journal = {The Space and Motion of Communicating Agents},
	publisher = {Cambridge University Press},
        address = {Cambridge},
	title = {The space and motion of communicating agents},
	year = {2009},
	bdsk-url-1 = {https://doi.org/10.1017/CBO9780511626661}}

@inbook{Milner2006,
	author = {Robin Milner},
	booktitle = {Interactive {Computation:} {The} {New} {Paradigm}},
	date-added = {2023-01-03 13:05:18 +0100},
	date-modified = {2023-01-03 14:39:43 +0100},
	doi = {10.1007/3-540-34874-3_1},
	editor = {Goldin, D. and Smolka, Scott A. and Wegner, P.},
	pages = {1-8},
	publisher = {Springer},
    address = {Berlin; Heidelberg},
	title = {Turing, computing and communication},
	year = {2006},
	bdsk-url-1 = {https://doi.org/10.1007/3-540-34874-3_1}}

@book{Milner1999,
	author = {Robin Milner},
	date-added = {2023-01-03 13:04:39 +0100},
	date-modified = {2023-01-03 13:32:57 +0100},
	publisher = {Cambridge University Press},
    address = {Cambridge},
	title = {Communicating and Mobile Systems: the $\pi$-calculus},
	year = {1999}}

@article{Milner1993,
	author = {Robin Milner},
	date-added = {2023-01-03 13:04:18 +0100},
	date-modified = {2023-01-03 13:41:05 +0100},
	doi = {10.1145/151233.151240},
	journal = {Communications of the ACM},
	keywords = {CCS,interaction,naming and reference,pi calculus,process algebra,process calculus,reduction rule},
	number = {1},
	pages = {78--89},
	title = {Elements of Interaction: {Turing} {Award} {Lecture}},
	volume = {36},
	year = {1993},
	bdsk-url-1 = {https://doi.org/10.1145/151233.151240}}

@inproceedings{Milner1982,
	author = {Robin Milner},
	booktitle = {Proceedings of the Annual ACM Symposium on Principles of Distributed Computing},
	date-added = {2023-01-03 13:04:05 +0100},
	date-modified = {2023-01-03 13:44:15 +0100},
	doi = {10.1145/800220.806687},
	pages = {104--110},
	publisher = {Association for Computing Machinery},
        address = {New York, NY},
	series = {PODC '82},
	title = {Four combinators for concurrency},
	year = {1982},
	bdsk-url-1 = {https://doi.org/10.1145/800220.806687}}

%@inproceedings{Milner1975,
%	author = {Robin Milner},
%	booktitle = {Logic Colloquium '73},
%	date-added = {2023-01-03 13:03:09 +0100},
%	date-modified = {2023-01-03 13:03:09 +0100},
%	doi = {10.1016/S0049-237X(08)71948-7},
%	editor = {H E Rose and J C Shepherdson},
%	issn = {0049-237X},
%	pages = {157-173},
%	publisher = {Elsevier},
%	title = {Processes: A Mathematical Model of Computing Agents},
%	volume = {80},
%	year = {1975},
%	bdsk-url-1 = {https://doi.org/10.1016/S0049-237X(08)71948-7}}


@incollection{Milner1975,
	series = {Logic {Colloquium} '73},
	title = {Processes: {A} {Mathematical} {Model} of {Computing} {Agents}},
	volume = {80},
	shorttitle = {Processes},
	url = {https://www.sciencedirect.com/science/article/pii/S0049237X08719487},
	abstract = {Most of the computing agents with which computing science is concerned exhibit behavior that is not just the computation of a mathematical function of their inputs but rather a possibly infinite sequence of communications with their environment. The mathematics of processes promises to unify the behavioral study of computing agents, both hardware and software. This chapter describes the concepts that may be useful in modeling the behavior of intercommunicating agents, together with some examples. It is becoming clear that informal (but rigorous) proofs about communicating systems, analogous to proofs about serial programs based on the assertion technique introduced by Floyd and others, are considerably harder to express.},
	language = {en},
	urldate = {2023-01-24},
	booktitle = {Studies in {Logic} and the {Foundations} of {Mathematics}},
	publisher = {Elsevier},
	author = {Milner, Robin},
	editor = {Rose, H. E. and Shepherdson, J. C.},
	month = jan,
	year = {1975},
	doi = {10.1016/S0049-237X(08)71948-7},
	pages = {157--173},
	file = {ScienceDirect Snapshot:/home/pawel/.zotero/zotero/2felkxqq.default/zotero/storage/LKXTSKEY/S0049237X08719487.html:text/html},
}

@book{Balcazar1995,
	author = {José Luis Balcázar and Josep Díaz and Joaquim Gabarró},
        % Jos{\'e} Luis Balc{\'a}zar and Josep D{\'\i}az and Joaquim Gabarr{\'o}
	date-added = {2023-01-03 13:02:17 +0100},
	date-modified = {2023-01-03 14:11:36 +0100},
	doi = {10.1007/978-3-642-97062-7},
	edition = {Second Edition},
	publisher = {Springer},
        address = {Berlin; Heidelberg},
	series = {Texts in Theoretical Computer Science. An EATCS Series},
	title = {Structural Complexity {I}.},
	year = {1995},
	bdsk-url-1 = {https://doi.org/10.1007/978-3-642-97062-7}}

@book{Manna1992,
	author = {Zohar Manna and Amir Pnueli},
	date-added = {2023-01-03 13:02:05 +0100},
	date-modified = {2023-01-03 14:21:20 +0100},
	doi = {10.1007/978-1-4612-0931-7},
	publisher = {Springer},
	title = {The Temporal Logic of Reactive and Concurrent Systems},
	year = {1992},
	bdsk-url-1 = {https://doi.org/10.1007/978-1-4612-0931-7}}

@inproceedings{Harel1985,
	author = {D. Harel and A. Pnueli},
	booktitle = {Logics and Models of Concurrent Systems},
	date-added = {2023-01-03 13:00:54 +0100},
	date-modified = {2023-01-03 13:59:42 +0100},
	doi = {10.1007/978-3-642-82453-1_17},
	editor = {Apt, K.R.},
	pages = {477--498},
	publisher = {Springer}, address={Berlin; Heidelberg},
	series = {NATO ASI Series},
	title = {On the Development of Reactive Systems},
	volume = {13},
	year = {1985},
	bdsk-url-1 = {https://doi.org/10.1007/978-3-642-82453-1_17}}

@inproceedings{Baeten2012,
	author = {Jos C.M. Baeten and Bas Luttik and Paul Van Tilburg},
	booktitle = {CONCUR'12: Proceedings of the 23rd international conference on Concurrency Theory},
	date-added = {2023-01-03 12:59:55 +0100},
	date-modified = {2023-01-03 14:41:59 +0100},
	doi = {10.1007/978-3-642-32940-1_1},
	pages = {1-20},
	publisher = {Springer}, address={Berlin; Heidelberg},
	series = {Lecture Notes in Computer Science},
	title = {Turing Meets Milner},
	year = {2012},
	bdsk-url-1 = {https://doi.org/10.1007/978-3-642-32940-1_1}}

@article{MacLennan2003,
	author = {Bruce MacLennan},
	date-added = {2023-01-03 12:59:38 +0100},
	date-modified = {2023-01-03 14:37:52 +0100},
	doi = {10.1023/A:1021397712328},
	journal = {Minds and Machines},
	keywords = {Analog computation,Analog computer,Biocomputation,Computability,Continuous computation,Hypercomputation,Natural computation,Turing machine},
	pages = {3-22},
	title = {Transcending {Turing} computability},
	volume = {13},
	year = {2003},
	bdsk-url-1 = {https://doi.org/10.1023/A:1021397712328}}

@article{MacLennan2009,
	author = {Bruce MacLennan},
	date-added = {2023-01-03 12:59:23 +0100},
	date-modified = {2023-01-03 14:13:13 +0100},
	journal = {International Journal of Unconventional Computing},
	number = {3-4},
	pages = {369-387},
	title = {Super-{Turing} or non-{Turing}? Extending the concept of computation},
	volume = {5},
	year = {2009}}

@article{Machamer2000,
	author = {Peter Machamer and Lindley Darden and Carl F. Craver},
	date-added = {2023-01-03 12:59:02 +0100},
	date-modified = {2023-01-03 14:37:21 +0100},
	doi = {10.1086/392759},
	journal = {Philosophy of Science},
	number = {1},
	pages = {1-25},
	title = {Thinking about mechanisms},
	volume = {67},
	year = {2000},
	bdsk-url-1 = {https://doi.org/10.1086/392759}}

@inproceedings{Luttik2016,
	author = {Bas Luttik and Fei Yang},
	booktitle = {Pursuit of the Universal. CiE 2016},
	date-added = {2023-01-03 12:58:50 +0100},
	date-modified = {2023-01-03 14:01:22 +0100},
	doi = {10.1007/978-3-319-40189-8_32},
	editor = {Beckmann, A. and Bienvenu, L. and Jonoska, N.},
	isbn = {9783319401881},
	issn = {16113349},
	pages = {312--322},
	publisher = {Springer},
        address = {Cham},
	series = {Lecture Notes in Computer Science},
	title = {On the executability of interactive computation},
	volume = {9709},
	year = {2016},
	bdsk-url-1 = {https://doi.org/10.1007/978-3-319-40189-8_32}}

@inproceedings{VanLeeuwen2006,
	author = {Jan {Van Leeuwen} and Jiří Wiedermann},
	booktitle = {Interactive Computation: The New Paradigm},
	date-added = {2023-01-03 12:58:16 +0100},
	date-modified = {2023-01-03 13:23:14 +0100},
	doi = {10.1007/3-540-34874-3_6},
	pages = {119--142},
	publisher = {Springer}, address={Berlin; Heidelberg},
	title = {A theory of interactive computation},
	year = {2006},
	bdsk-url-1 = {https://doi.org/10.1007/3-540-34874-3_6}}

@inproceedings{VanLeeuwen2001,
	author = {Jan {Van Leeuwen} and Jiří Wiedermann},
	booktitle = {{SOFSEM} 2001: {Theory} and {Practice} of {Informatics}},
	date-added = {2023-01-03 12:57:54 +0100},
	date-modified = {2023-01-03 13:47:13 +0100},
	doi = {10.1007/3-540-45627-9_8},
	editor = {Pacholski, L. and Ru{\v z}i{\v c}ka, P.},
	pages = {90-109},
	publisher = {Springer}, address={Berlin; Heidelberg},
	series = {Lecture Notes in Computer Science},
	title = {Beyond the turing limit: {Evolving} interactive systems},
	volume = {2234},
	year = {2001},
	bdsk-url-1 = {https://doi.org/10.1007/3-540-45627-9_8}}

@book{Knuth1968,
	author = {Donald E. Knuth},
	date-added = {2023-01-03 12:57:38 +0100},
	date-modified = {2023-01-03 14:14:45 +0100},
	publisher = {Addison-Wesley},
        address = {Boston; etc.},
	title = {The Art of Computer Programming, Vol.1: Fundamental Algorithms},
	year = {1968}}

@inproceedings{Klein2020,
	author = {Colin Klein},
	booktitle = {Proceedings of the 2018 {Biennial} {Meeting} of the {Philosophy} of {Science} {Association}. {Part} {II}},
	date-added = {2023-01-03 12:57:22 +0100},
	date-modified = {2023-01-03 14:06:11 +0100},
	doi = {10.1086/710613},
	issn = {1539767X},
	journal = {Philosophy of Science},
	number = {5},
	pages = {1140-1149},
	title = {Polychrony and the process view of computation},
	volume = {87},
	year = {2020},
	bdsk-url-1 = {https://doi.org/10.1086/710613}}

@book{Aspray1990,
	author = {William Aspray},
	date-added = {2023-01-03 12:57:16 +0100},
	date-modified = {2023-01-03 13:54:27 +0100},
	publisher = {MIT Press},
        address = {Cambridge, MA},
	title = {John von Neumann and the Origins of Modern Computing},
	year = {1990},
	bdsk-url-1 = {https://doi.org/10.2307/3105832}}

@article{ISO2018,
	author = {ISO},
	date-added = {2023-01-03 12:57:07 +0100},
	date-modified = {2023-01-03 12:57:07 +0100},
	journal = {ISO 9241-11:2018},
	title = {Ergonomics of human-system interaction. Part 11: Usability: Definitions and concepts},
	year = {2018}}

@article{Hartmanis1994,
	author = {Juris Hartmanis},
	date-added = {2023-01-03 12:56:57 +0100},
	date-modified = {2023-01-03 14:38:27 +0100},
	doi = {10.1145/194313.214781},
	journal = {Communications of the ACM},
	number = {10},
	pages = {37-43},
	title = {Turing Award Lecture on Computational Complexity and the Nature of Computer Science},
	volume = {37},
	year = {1994},
	bdsk-url-1 = {https://doi.org/10.1145/194313.214781}}

@book{Rogers1987,
	author = {Hartley Rogers},
	date-added = {2023-01-03 12:56:40 +0100},
	date-modified = {2023-01-03 14:36:33 +0100},
	doi = {10.2307/3614588},
	journal = {The Mathematical Gazette},
	publisher = {MIT Press},
        address = {Cambridge, MA},
	title = {Theory of Recursive Functions and Effective Computability},
	year = {1987},
	bdsk-url-1 = {https://doi.org/10.2307/3614588}}

@book{Goldin2006,
	author = {Dina Goldin and Peter Wegner and Scott A. Smolka},
	date-added = {2023-01-03 12:56:23 +0100},
	date-modified = {2023-01-03 13:47:48 +0100},
	doi = {10.1007/3-540-34874-3},
	publisher = {Springer}, address={Berlin; Heidelberg},
	title = {Interactive Computation: The New Paradigm},
	year = {2006},
	bdsk-url-1 = {https://doi.org/10.1007/3-540-34874-3}}

@article{Goldin2008,
	author = {Dina Goldin and Peter Wegner},
	date-added = {2023-01-03 12:56:17 +0100},
	date-modified = {2023-01-03 14:18:26 +0100},
	doi = {10.1007/s11023-007-9083-1},
	journal = {Minds and Machines},
	keywords = {{Church}-{Turing} Thesis,Computation expressiveness,Interactive computation,Paradigm shift,Persistent Turing Machines,Sequential Interaction Thesis,Strong Church-Turing Thesis,Turing Machines},
	pages = {17--38},
	title = {The interactive nature of computing: {Refuting} the strong {Church}-{Turing} {thesis}},
	volume = {18},
	year = {2008},
	bdsk-url-1 = {https://doi.org/10.1007/s11023-007-9083-1}}

@article{Godfrey1993,
	author = {M. D. Godfrey and D. F. Hendry},
	date-added = {2023-01-03 12:56:01 +0100},
	date-modified = {2023-01-03 14:15:22 +0100},
	doi = {10.1109/85.194088},
	journal = {IEEE Annals of the History of Computing},
	number = {1},
	pages = {11-21},
	title = {The Computer as von Neumann Planned It},
	volume = {15},
	year = {1993},
	bdsk-url-1 = {https://doi.org/10.1109/85.194088}}

@article{Glennan2002,
	author = {Stuart Glennan},
	date-added = {2023-01-03 12:55:53 +0100},
	date-modified = {2023-01-03 14:09:13 +0100},
	doi = {10.1086/341857},
	journal = {Philosophy of Science},
	number = {S3},
	pages = {342-353},
	title = {Rethinking Mechanistic Explanation},
	volume = {69},
	year = {2002},
	bdsk-url-1 = {https://doi.org/10.1086/341857}}

@incollection{Eberbach2004,
	author = {Eugene Eberbach and Dina Goldin and Peter Wegner},
	booktitle = {Alan Turing: Life and Legacy of a Great Thinker},
	date-added = {2023-01-03 12:55:45 +0100},
	date-modified = {2023-01-03 12:55:45 +0100},
	doi = {10.1007/978-3-662-05642-4_7},
	editor = {Teuscher, Christof},
	pages = {159-194},
	publisher = {Springer}, address={Berlin; Heidelberg},
	title = {Turing's Ideas and Models of Computation},
	year = {2004},
	bdsk-url-1 = {https://doi.org/10.1007/978-3-662-05642-4_7}}

@article{Dodig-Crnkovic2011,
	author = {Gordana Dodig-Crnkovic},
	date-added = {2023-01-03 12:55:31 +0100},
	date-modified = {2023-01-03 14:09:45 +0100},
	doi = {10.1007/s11023-011-9235-1},
	journal = {Minds and Machines},
	pages = {301-322},
	title = {Significance of models of computation, from {Turing} model to natural computation},
	volume = {21},
	year = {2011},
	bdsk-url-1 = {https://doi.org/10.1007/s11023-011-9235-1}}

@article{Copeland2011,
	author = {B Jack Copeland and Oron Shagrir},
	date-added = {2023-01-03 12:55:00 +0100},
	date-modified = {2023-01-03 13:38:30 +0100},
	doi = {10.1007/s11023-011-9238-y},
	journal = {Minds and Machines},
	pages = {221--239},
	title = {Do accelerating {Turing} machines compute the uncomputable?},
	volume = {21},
	year = {2011},
	bdsk-url-1 = {https://doi.org/10.1007/s11023-011-9238-y}}

@article{Copeland2002,
	author = {B Jack Copeland},
	date-added = {2023-01-03 12:54:56 +0100},
	date-modified = {2023-01-03 13:44:44 +0100},
	doi = {10.1023/A:1021105915386},
	journal = {Minds and Machines},
	pages = {461--502},
	title = {Hypercomputation},
	volume = {12},
	year = {2002},
	bdsk-url-1 = {https://doi.org/10.1023/A:1021105915386}}

@article{Cockshott2007,
	author = {Paul Cockshott and Greg Michaelson},
	date-added = {2023-01-03 12:54:45 +0100},
	date-modified = {2023-01-03 13:25:50 +0100},
	doi = {10.1093/comjnl/bxl062},
	journal = {Computer Journal},
	keywords = {Computability,Effective calculability,Hyper-computation},
	number = {2},
	pages = {232--247},
	title = {Are there new models of computation? {Reply} to {Wegner} and {Eberbach}},
	volume = {50},
	year = {2007},
	bdsk-url-1 = {https://doi.org/10.1093/comjnl/bxl062}}

@inproceedings{Baeten2013,
	author = {Jos C.M. Baeten and Bas Luttik and Paul Van Tilburg},
	booktitle = {FCT 2011: Fundamentals of Computation Theory},
	date-added = {2023-01-03 12:53:24 +0100},
	date-modified = {2023-01-03 14:08:19 +0100},
	doi = {10.1016/j.ic.2013.08.010},
	editor = {Owe, O. and Steffen, M. and Telle, J.A.},
	journal = {Information and Computation},
	pages = {348--359},
	publisher = {Springer}, address={Berlin; Heidelberg},
	series = {Lecture Notes in Computer Science},
	title = {Reactive {Turing} Machines},
	year = {2013},
	bdsk-url-1 = {https://doi.org/10.1016/j.ic.2013.08.010}}

@article{Backus1978,
	author = {John Backus},
	date-added = {2023-01-03 12:53:12 +0100},
	date-modified = {2023-01-03 13:32:42 +0100},
	journal = {Communications of the ACM},
	number = {8},
	pages = {613--641},
	title = {Can Programming Be Liberated from the von {Neumann} Style?},
	volume = {21},
	year = {1978}}

@inproceedings{Andersen1997,
	author = {Henrik Reif Andersen and Simon M{\o}rk and Morten Ulrik S{\o}rensen},
	booktitle = {CONCUR '97: Concurrency Theory. CONCUR 1997},
	date-added = {2023-01-03 12:53:05 +0100},
	date-modified = {2023-01-03 14:45:26 +0100},
	doi = {10.1007/3-540-63141-0_7},
	editor = {Mazurkiewicz, A. and Winkowski, J.},
	isbn = {3540631410},
	issn = {16113349},
	pages = {89--103},
	publisher = {Springer},
	address={Berlin; Heidelberg},
	series = {Lecture Notes in Computer Science},
	title = {A Universal Reactive Machine},
	volume = {1243},
	year = {1997},
	bdsk-url-1 = {https://doi.org/10.1007/3-540-63141-0_7}}
