
@book{flasinski_introduction_2016,
	address = {Cham},
	title = {Introduction to {Artificial} {Intelligence}},
	url = {http://link.springer.com/10.1007/978-3-319-40022-8},
	language = {en},
	urldate = {2017-04-18},
	publisher = {Springer International Publishing},
	author = {Flasiński, Mariusz},
	year = {2016},
	doi = {10.1007/978-3-319-40022-8},
}

@article{polak_philosophy_2019,
	title = {Philosophy in science: {A} name with a long intellectual tradition},
	copyright = {Copyright (c) 2019 Philosophical Problems in Science (Zagadnienia Filozoficzne w Nauce)},
	issn = {2451-0602},
	shorttitle = {Philosophy in science},
	url = {https://zfn.edu.pl/index.php/zfn/article/view/472},
	language = {en},
	number = {66},
	urldate = {2021-10-06},
	journal = {Philosophical Problems in Science (Zagadnienia Filozoficzne w Nauce)},
	author = {Polak, Paweł},
	month = jul,
	year = {2019},
	keywords = {Lvov-Warsaw School, science and religion, analytic philosophy, interdisciplinary research, metaphilosophy, Michael Heller, non-foundational philosophy, philosophy in science},
	pages = {251--270},
	file = {Full Text PDF:/home/pawel/.zotero/zotero/2felkxqq.default/zotero/storage/3IREDLYF/Polak - 2019 - Philosophy in science A name with a long intellec.pdf:application/pdf;Snapshot:/home/pawel/.zotero/zotero/2felkxqq.default/zotero/storage/P6IFY9YK/472.html:text/html},
}

@article{heller_how_2019,
	title = {How is philosophy in science possible?},
	copyright = {Copyright (c) 2019 Philosophical Problems in Science (Zagadnienia Filozoficzne w Nauce)},
	issn = {2451-0602},
	url = {https://zfn.edu.pl/index.php/zfn/article/view/482},
	language = {en},
	number = {66},
	urldate = {2021-10-06},
	journal = {Philosophical Problems in Science (Zagadnienia Filozoficzne w Nauce)},
	author = {Heller, Michael},
	month = jul,
	year = {2019},
	keywords = {science and religion, philosophy of science, analytic philosophy, interdisciplinary research, metaphilosophy, philosophy in science},
	pages = {231--249},
	file = {Full Text PDF:/home/pawel/.zotero/zotero/2felkxqq.default/zotero/storage/VWQTWUF7/Heller - 2019 - How is philosophy in science possible.pdf:application/pdf;Full Text PDF:/home/pawel/.zotero/zotero/2felkxqq.default/zotero/storage/9M7EMIP3/Heller - 2019 - How is philosophy in science possible.pdf:application/pdf;Snapshot:/home/pawel/.zotero/zotero/2felkxqq.default/zotero/storage/7ABMVCJG/482.html:text/html},
}

@article{bielecki_cybernetyczna_2016,
	title = {Cybernetyczna analiza zjawiska życia},
	copyright = {Copyright (c) 2016 Zagadnienia Filozoficzne w Nauce},
	issn = {2451-0602},
	url = {https://zfn.edu.pl/index.php/zfn/article/view/361},
	language = {pl},
	number = {61},
	urldate = {2020-01-27},
	journal = {Philosophical Problems in Science (Zagadnienia Filozoficzne w Nauce)},
	author = {Bielecki, Andrzej},
	month = dec,
	year = {2016},
	pages = {133--164},
	file = {Full Text PDF:/home/pawel/.zotero/zotero/2felkxqq.default/zotero/storage/MLPA5WWN/Bielecki - 2016 - Cybernetyczna analiza zjawiska życia.pdf:application/pdf;Snapshot:/home/pawel/.zotero/zotero/2felkxqq.default/zotero/storage/67CL5DMP/361.html:text/html},
}

@book{bielecki_models_2019,
	address = {Cham},
	series = {Studies in {Computational} {Intelligence}},
	title = {Models of {Neurons} and {Perceptrons}: {Selected} {Problems} and {Challenges}},
	volume = {770},
	isbn = {978-3-319-90139-8},
	shorttitle = {Models of {Neurons} and {Perceptrons}},
	url = {http://link.springer.com/10.1007/978-3-319-90140-4},
	language = {en},
	urldate = {2022-02-07},
	publisher = {Springer International Publishing},
	author = {Bielecki, Andrzej},
	year = {2019},
	doi = {10.1007/978-3-319-90140-4},
	file = {Bielecki - 2019 - Models of Neurons and Perceptrons Selected Proble.pdf:/home/pawel/.zotero/zotero/2felkxqq.default/zotero/storage/LG34UUMV/Bielecki - 2019 - Models of Neurons and Perceptrons Selected Proble.pdf:application/pdf},
}

@article{bielecki_epistemologiczne_2018,
	title = {Epistemologiczne problemy w biologii subkomórkowej: obserwacje, modele matematyczne i symulacje komputerowe},
	volume = {16},
	copyright = {Copyright (c) 2018 Andrzej Bielecki},
	issn = {2391-6850},
	shorttitle = {Epistemologiczne problemy w biologii subkomórkowej},
	url = {https://czasopisma.upjp2.edu.pl/seminascientiarum/article/view/2482},
	doi = {10.15633/ss.2482},
	abstract = {Relations between theory and empirical knowledge belong to basic problemsin philosophy of science and have been undergone detailed philosophical reflection,including epistemological aspects. During last several dozen years,due to development of computer technology, numerical simulations becamea common tool in natural sciences. Their epistemological aspects, however,have not worked out yet. A specific role of computer simulations manifestsin subcellular biology, where possibilities of performing experiments and observationsare limited. Computer simulation is complementary to observationand experiment and comes into complex relations with them. It allows us tocome to a conclusion if experiment or observations are impossible to perform.In particular, simulations allow researchers to estimate the parameters thatcannot be measured.},
	language = {pl},
	urldate = {2022-07-11},
	journal = {Semina Scientiarum},
	author = {Bielecki, Andrzej},
	month = jul,
	year = {2018},
	note = {Number: 0},
	keywords = {observation, theory, experiment, model, numerical simulations, subcellular biology},
	pages = {10--23},
	file = {Full Text PDF:/home/pawel/.zotero/zotero/2felkxqq.default/zotero/storage/KXHJYAP5/Bielecki - 2018 - Epistemologiczne problemy w biologii subkomórkowej.pdf:application/pdf},
}

@article{weisberg_bootstrapping_2010,
	title = {Bootstrapping in {General}},
	volume = {81},
	issn = {0031-8205},
	url = {https://www.jstor.org/stable/41057492},
	number = {3},
	urldate = {2022-12-06},
	journal = {Philosophy and Phenomenological Research},
	author = {Weisberg, Jonathan},
	year = {2010},
	note = {Publisher: [International Phenomenological Society, Philosophy and Phenomenological Research, Wiley]},
	pages = {525--548},
	file = {JSTOR Full Text PDF:/home/pawel/.zotero/zotero/2felkxqq.default/zotero/storage/RZGTK9FD/Weisberg - 2010 - Bootstrapping in General.pdf:application/pdf},
}

@article{kycia_information_2021,
	title = {Information and brain},
	copyright = {Copyright (c) 2021 Philosophical Problems in Science (Zagadnienia Filozoficzne w Nauce)},
	issn = {2451-0602},
	url = {https://zfn.edu.pl/index.php/zfn/article/view/514},
	abstract = {We present the consequences of the assumption of the classical and quantum nature of information storing and processing in the brain. These assumptions result in different behaviours of consciousness under a hypothetical brain copy experiment. The subject is important in the context of ‘mind uploading’ considerations.},
	language = {en},
	number = {70},
	urldate = {2022-12-06},
	journal = {Philosophical Problems in Science (Zagadnienia Filozoficzne w Nauce)},
	author = {Kycia, Radosław},
	month = nov,
	year = {2021},
	note = {Number: 70},
	keywords = {information, entropy, Lindauer’s principle, memory, the second law of thermodynamics, brain models, classical information, mind uploading., quantum information},
	pages = {45--72},
	file = {Full Text PDF:/home/pawel/.zotero/zotero/2felkxqq.default/zotero/storage/8BBLF5PQ/Kycia - 2021 - Information and brain.pdf:application/pdf},
}

@book{tadeusiewicz_problemy_1994,
	address = {Warszawa},
	edition = {Wyd. 2},
	title = {Problemy biocybernetyki},
	isbn = {978-83-01-10090-2},
	publisher = {Wydawnictwo Naukowe PWN},
	author = {Tadeusiewicz, Ryszard},
	year = {1994},
	keywords = {Biologia, modele matematyczne, Bionika, Modele biologiczne, Regulacja (biologia)},
}

@book{tadeusiewicz_neurocybernetyka_2009,
	address = {Warszawa},
	title = {Neurocybernetyka teoretyczna},
	isbn = {978-83-235-0479-5},
	publisher = {Wydawnictwa Uniwersytetu Warszawskiego},
	editor = {Tadeusiewicz, Ryszard},
	year = {2009},
	keywords = {Cybernetyka, aspekt psychologiczny, podręczniki akademickie, Mózg, modele matematyczne, psychofizjologia, choroby, Neuroanatomia, Neurofizjologia, Układ nerwowy},
	file = {Tadeusiewicz - 2009 - Neurocybernetyka teoretyczna.pdf:/home/pawel/.zotero/zotero/2felkxqq.default/zotero/storage/NJDACU53/Tadeusiewicz - 2009 - Neurocybernetyka teoretyczna.pdf:application/pdf},
}

@article{flasinski_every_1997,
	title = {``{Every} {Man} in {His} {Notions}'' or {Alchemists}' {Discussion} on {Artificial} {Intelligence}},
	volume = {2},
	issn = {1572-8471},
	url = {https://doi.org/10.1023/A:1009687513096},
	doi = {10.1023/A:1009687513096},
	abstract = {A survey of the main approaches in a mind study -oriented part of Artificial Intelligence is made focusing on controversial issues and extreme hypotheses. Various meanings of terms: "intelligence" and "artificial intelligence" are discussed. Limitations for constructing intelligent systems resulting from the lack of formalized models of cognitive activity are shown. The approaches surveyed are then recapitulated in the light of these limitations.},
	language = {en},
	number = {1},
	urldate = {2022-12-09},
	journal = {Foundations of Science},
	author = {Flasiński, Mariusz},
	month = jan,
	year = {1997},
	keywords = {Intelligence, "Intelligent" systems, Artificial Intelligence (AI)},
	pages = {107--121},
	file = {Full Text PDF:/home/pawel/.zotero/zotero/2felkxqq.default/zotero/storage/J99GMSC6/Flasiński - 1997 - Every Man in His Notions or Alchemists' Discussi.pdf:application/pdf},
}

@article{dodig-crnkovic_search_2022,
	title = {In search of common, information-processing, agency-based framework for anthropogenic, biogenic, and abiotic cognition and intelligence},
	issn = {2451-0602},
	shorttitle = {Philosophy in science},
	language = {en},
	number = {73},
	journal = {Philosophical Problems in Science (Zagadnienia Filozoficzne w Nauce)},
	author = {Dodig-Crnkovic, Gordana},
	year = {2022},
	pages = {pp.\pageref*{gordana_start}--\pageref*{gordana_stop}},
}
